fiscalDateEnding,reportedCurrency_x,grossProfit,totalRevenue,costOfRevenue,costofGoodsAndServicesSold,operatingIncome,sellingGeneralAndAdministrative,researchAndDevelopment,operatingExpenses,investmentIncomeNet,netInterestIncome,interestIncome,interestExpense,nonInterestIncome,otherNonOperatingIncome,depreciation,depreciationAndAmortization,incomeBeforeTax,incomeTaxExpense,interestAndDebtExpense,netIncomeFromContinuingOperations,comprehensiveIncomeNetOfTax,ebit,ebitda,netIncome_x,reportedCurrency_y,totalAssets,totalCurrentAssets,cashAndCashEquivalentsAtCarryingValue,cashAndShortTermInvestments,inventory,currentNetReceivables,totalNonCurrentAssets,propertyPlantEquipment,accumulatedDepreciationAmortizationPPE,intangibleAssets,intangibleAssetsExcludingGoodwill,goodwill,investments,longTermInvestments,shortTermInvestments,otherCurrentAssets,otherNonCurrentAssets,totalLiabilities,totalCurrentLiabilities,currentAccountsPayable,deferredRevenue,currentDebt,shortTermDebt,totalNonCurrentLiabilities,capitalLeaseObligations,longTermDebt,currentLongTermDebt,longTermDebtNoncurrent,shortLongTermDebtTotal,otherCurrentLiabilities,otherNonCurrentLiabilities,totalShareholderEquity,treasuryStock,retainedEarnings,commonStock,commonStockSharesOutstanding,reportedCurrency,operatingCashflow,paymentsForOperatingActivities,proceedsFromOperatingActivities,changeInOperatingLiabilities,changeInOperatingAssets,depreciationDepletionAndAmortization,capitalExpenditures,changeInReceivables,changeInInventory,profitLoss,cashflowFromInvestment,cashflowFromFinancing,proceedsFromRepaymentsOfShortTermDebt,paymentsForRepurchaseOfCommonStock,paymentsForRepurchaseOfEquity,paymentsForRepurchaseOfPreferredStock,dividendPayout,dividendPayoutCommonStock,dividendPayoutPreferredStock,proceedsFromIssuanceOfCommonStock,proceedsFromIssuanceOfLongTermDebtAndCapitalSecuritiesNet,proceedsFromIssuanceOfPreferredStock,proceedsFromRepurchaseOfEquity,proceedsFromSaleOfTreasuryStock,changeInCashAndCashEquivalents,changeInExchangeRate,netIncome_y,reportedDate,reportedEPS,estimatedEPS,surprise,surprisePercentage,reportTime
2024-03-01,USD,4592000000,5182000000,590000000,42000000,907000000,1704000000,939000000,3685000000,None,-27000000,None,27000000,None,70000000,None,84000000,968000000,348000000,27000000,620000000,628000000,995000000,1079000000,620000000,USD,28751000000,10008000000,6254000000,6820000000,None,2057000000,19754000000,1988000000,None,14825000000,2022000000,12803000000,566000000,None,566000000,978000000,1265000000,13291000000,9537000000,300000000,12220000000,1497000000,1570000000,1616000000,451000000,2138000000,1497000000,None,2138000000,1692000000,435000000,15460000000,30109000000,33809000000,0,453000000,USD,1174000000,47000000,None,-152000000,7000000,212000000,37000000,-166000000,None,620000000,66000000,-2128000000,None,2000000000,2000000000,None,None,None,None,None,None,None,-1903000000,97000000,None,None,620000000,,,,,,
2023-12-01,USD,4414000000,5048000000,634000000,49000000,1743000000,1740000000,889000000,2671000000,None,-28000000,None,28000000,None,89000000,None,326000000,1808000000,325000000,28000000,1483000000,1483000000,1836000000,2162000000,1483000000,USD,29779000000,11084000000,7141000000,7842000000,None,2224000000,20205000000,2030000000,1731000000,14981000000,2176000000,12805000000,701000000,None,701000000,1018000000,1223000000,13261000000,8251000000,314000000,11900000000,0,73000000,1376000000,446000000,3634000000,None,None,3634000000,2027000000,376000000,16518000000,28129000000,33346000000,0,455000000,USD,1597000000,100000000,None,-463000000,407000000,222000000,47000000,376000000,378000000,1483000000,153000000,-1217000000,None,1000000000,1000000000,None,None,None,None,None,None,None,-1000000000,0,None,None,1483000000,,,,,,
2023-09-01,USD,4310000000,4890000000,580000000,50000000,1697000000,1690000000,881000000,2613000000,None,-27000000,None,27000000,None,67000000,None,92000000,1743000000,340000000,27000000,1403000000,1415000000,1770000000,1862000000,1403000000,USD,29090000000,10410000000,6601000000,7516000000,None,1850000000,19847000000,2036000000,None,15134000000,2334000000,12800000000,915000000,None,915000000,1043000000,1239000000,13314000000,8334000000,314000000,10963000000,0,74000000,1347000000,463000000,3633000000,None,None,3633000000,2571000000,352000000,15776000000,27146000000,32012000000,0,456000000,USD,1873000000,None,None,None,None,218000000,91000000,168000000,186000000,1403000000,145000000,-871000000,None,1000000000,0,None,None,None,None,None,0,None,0,244000000,None,None,1403000000,,,,,,
2023-06-02,USD,4244000000,4816000000,572000000,572000000,1624000000,357000000,876000000,2620000000,None,-26000000,None,26000000,None,47000000,None,267000000,1650000000,355000000,None,1295000000,1305000000,1676000000,1772000000,1295000000,USD,27838000000,9274000000,5456000000,6601000000,None,None,18564000000,2032000000,None,1258000000,1258000000,12796000000,None,None,1145000000,988000000,1125000000,13000000000,8019000000,346000000,None,0,74000000,4981000000,482000000,3631000000,None,None,4113000000,2334000000,347000000,14838000000,26191000000,30609000000,0,456000000,,,,,,,,,,,,,,,,,,,,,,,,,,,,,,,,,,
2023-03-03,USD,4087000000,4655000000,568000000,54000000,1586000000,1632000000,827000000,2501000000,None,-32000000,None,32000000,None,43000000,None,96000000,1598000000,351000000,32000000,1247000000,1233000000,1630000000,1726000000,1247000000,USD,26667000000,8342000000,4072000000,5653000000,None,None,18325000000,1967000000,None,1354000000,1354000000,12790000000,None,None,1581000000,888000000,984000000,12461000000,7437000000,308000000,None,0,81000000,5024000000,496000000,3630000000,None,None,4126000000,1691000000,323000000,14206000000,25206000000,29435000000,0,459000000,USD,1693000000,55000000,None,-226000000,-11000000,212000000,101000000,-269000000,None,1247000000,156000000,-2014000000,None,1400000000,1400000000,None,None,None,None,None,None,None,-1331000000,69000000,None,None,1247000000,,,,,,
2022-12-02,USD,3957000000,4525000000,568000000,60000000,1505000000,1637000000,773000000,2452000000,None,-28000000,None,28000000,None,36000000,None,291000000,1517000000,341000000,28000000,1176000000,1107000000,1545000000,1836000000,1176000000,USD,27165000000,8996000000,4236000000,6096000000,None,2070000000,19621000000,1908000000,1569000000,15688000000,2898000000,12787000000,None,None,1860000000,835000000,841000000,13114000000,8128000000,379000000,10824000000,500000000,587000000,1357000000,504000000,3629000000,500000000,None,3629000000,1865000000,293000000,14051000000,23843000000,28319000000,0,462000000,USD,2325000000,109000000,None,316000000,305000000,215000000,91000000,344000000,None,1176000000,-69000000,-1911000000,None,1750000000,1750000000,None,None,None,None,None,None,None,-1750000000,0,None,None,1176000000,,,,,,
2022-09-02,USD,3887000000,4433000000,546000000,58000000,1484000000,1585000000,775000000,2403000000,None,-28000000,None,28000000,None,6000000,None,101000000,1456000000,320000000,28000000,1136000000,1107000000,1484000000,1585000000,1136000000,USD,26744000000,8489000000,3870000000,5764000000,None,None,18255000000,1858000000,None,1548000000,1548000000,12756000000,None,None,1894000000,1002000000,880000000,12371000000,7438000000,316000000,None,500000000,588000000,4933000000,514000000,3627000000,500000000,None,4641000000,1705000000,253000000,14373000000,22109000000,27158000000,0,467000000,USD,1704000000,51000000,None,-77000000,134000000,216000000,125000000,141000000,None,1136000000,-103000000,-1060000000,None,1200000000,1200000000,None,None,None,None,None,None,None,-1013000000,187000000,None,None,1136000000,,,,,,
2022-06-03,USD,3847000000,4386000000,539000000,59000000,1529000000,1538000000,738000000,2318000000,None,-28000000,None,28000000,None,-1000000,None,101000000,1492000000,314000000,28000000,1178000000,1160000000,1520000000,1621000000,1178000000,USD,26326000000,7908000000,3365000000,5299000000,None,None,18418000000,1790000000,None,1650000000,1650000000,12801000000,None,None,1934000000,1021000000,865000000,12341000000,7385000000,366000000,None,499000000,589000000,4956000000,532000000,3627000000,499000000,None,4658000000,1677000000,257000000,13985000000,20944000000,26022000000,0,471000000,USD,2040000000,0,None,200000000,-143000000,212000000,126000000,-96000000,None,1178000000,-138000000,-1250000000,None,1200000000,1200000000,None,None,None,None,None,None,None,-1200000000,0,None,None,1178000000,,,,,,
2022-03-04,USD,3750000000,4262000000,512000000,59000000,1580000000,1427000000,701000000,2170000000,None,-28000000,None,28000000,None,0,None,101000000,1543000000,277000000,28000000,1266000000,1226000000,1571000000,1672000000,1266000000,USD,25976000000,7476000000,2739000000,4701000000,None,None,18500000000,1703000000,None,1743000000,1743000000,12795000000,None,None,1962000000,1090000000,874000000,12201000000,7197000000,295000000,None,499000000,592000000,5004000000,540000000,3626000000,499000000,None,4665000000,1416000000,262000000,13775000000,19759000000,24961000000,0,472000000,USD,1769000000,50000000,None,-347000000,-4000000,213000000,100000000,-191000000,None,1266000000,-260000000,-2604000000,None,2400000000,2400000000,None,None,None,None,None,None,None,-2309000000,91000000,None,None,1266000000,,,,,,
2021-12-03,USD,3603000000,4110000000,507000000,51000000,1501000000,1405000000,657000000,2102000000,None,-28000000,None,28000000,None,-1000000,None,299000000,1468000000,235000000,28000000,1233000000,1227000000,1496000000,1795000000,1233000000,USD,27241000000,8669000000,3844000000,5798000000,None,1878000000,20392000000,1673000000,1451000000,16308000000,3640000000,12668000000,None,None,1954000000,975000000,883000000,12444000000,6932000000,312000000,9758000000,0,97000000,1389000000,550000000,4123000000,None,None,4123000000,1790000000,257000000,14797000000,17399000000,23905000000,0,475000000,USD,2066000000,116000000,None,160000000,377000000,205000000,99000000,325000000,363000000,1233000000,-1739000000,-1078000000,None,1000000000,1000000000,None,None,None,None,None,None,None,-999000000,1000000,-751000000,-28000000,1233000000,,,,,,
2021-09-03,USD,3468000000,3935000000,467000000,40000000,1441000000,1333000000,651000000,2027000000,None,-27000000,None,27000000,None,-3000000,None,83000000,1418000000,206000000,27000000,1212000000,1202000000,1445000000,1528000000,1212000000,USD,26144000000,8619000000,4623000000,6164000000,None,None,17525000000,1629000000,None,1557000000,1557000000,11838000000,None,None,1541000000,910000000,859000000,11730000000,6191000000,331000000,None,None,97000000,5539000000,563000000,4122000000,None,None,4685000000,1520000000,269000000,14414000000,16414000000,22750000000,0,476000000,USD,1404000000,50000000,None,-76000000,231000000,193000000,95000000,66000000,47000000,1212000000,-133000000,-899000000,None,1000000000,1000000000,None,None,None,None,None,None,None,-797000000,203000000,1212000000,1000000,1212000000,,,,,,
2021-06-04,USD,3391000000,3835000000,444000000,44000000,1406000000,1329000000,612000000,1985000000,None,-28000000,None,28000000,None,0,None,88000000,1386000000,270000000,28000000,1116000000,1136000000,1414000000,1502000000,1116000000,USD,25582000000,8078000000,4250000000,5768000000,None,None,17504000000,1573000000,None,1641000000,1641000000,11859000000,None,None,1518000000,833000000,805000000,11730000000,6145000000,312000000,None,None,96000000,5585000000,573000000,4120000000,None,None,4693000000,1593000000,259000000,13852000000,15442000000,21538000000,0,477000000,USD,1988000000,0,None,290000000,-27000000,194000000,95000000,-43000000,-101000000,1116000000,-107000000,-1080000000,None,1000000000,1000000000,None,None,None,None,None,None,None,-1000000000,0,1116000000,-3000000,1116000000,,,,,,
2021-03-05,USD,3458000000,3905000000,447000000,45000000,1454000000,1339000000,620000000,2004000000,None,-30000000,None,30000000,None,4000000,None,90000000,1433000000,172000000,30000000,1261000000,1278000000,1463000000,1553000000,1261000000,USD,24985000000,7384000000,3452000000,4963000000,None,None,17601000000,1530000000,None,1729000000,1729000000,11845000000,None,None,1511000000,901000000,758000000,11439000000,5806000000,254000000,None,None,94000000,5633000000,588000000,4119000000,None,None,4707000000,1324000000,248000000,13546000000,14451000000,20521000000,0,479000000,USD,1772000000,50000000,None,-230000000,324000000,196000000,59000000,82000000,141000000,1261000000,-1558000000,-1244000000,None,950000000,950000000,None,None,None,None,None,None,None,-863000000,87000000,-1030000000,4000000,1261000000,,,,,,
2020-11-27,USD,2996000000,3424000000,428000000,47000000,1215000000,1184000000,558000000,1781000000,6000000,-27000000,6000000,27000000,-3000000,3000000,None,278000000,1197000000,-1053000000,27000000,1197000000,2245000000,1224000000,1502000000,2250000000,USD,24284000000,8146000000,4478000000,5992000000,None,1398000000,16490000000,1517000000,1458000000,12101000000,1359000000,10742000000,1514000000,None,1514000000,756000000,663000000,11020000000,5512000000,306000000,7519000000,0,92000000,5508000000,591000000,4117000000,None,None,4117000000,1485000000,223000000,13264000000,13546000000,19611000000,0,479000000,USD,1782000000,25000000,None,86000000,88000000,190000000,103000000,81000000,4000000,1197000000,-131000000,-940000000,None,850000000,850000000,None,None,None,None,None,None,None,-850000000,0,1197000000,0,2250000000,,,,,,
2020-08-28,USD,2798000000,3225000000,427000000,51000000,1069000000,1122000000,566000000,1729000000,7000000,-28000000,7000000,28000000,1000000,9000000,None,92000000,1060000000,105000000,28000000,955000000,997000000,1088000000,1180000000,955000000,USD,22414000000,7387000000,3767000000,5264000000,None,1318000000,15027000000,1467000000,None,12184000000,1445000000,10739000000,1497000000,None,1497000000,805000000,650000000,10701000000,5130000000,229000000,3450000000,0,90000000,1455000000,610000000,4116000000,90000000,None,4116000000,1494000000,221000000,11713000000,12712000000,17383000000,0,480000000,USD,1436000000,76000000,None,0,-54000000,191000000,126000000,-32000000,29000000,955000000,-315000000,-414000000,None,500000000,500000000,None,None,None,None,None,0,None,-319000000,181000000,955000000,16000000,955000000,,,,,,
2020-05-29,USD,2713000000,3128000000,415000000,52000000,1016000000,1125000000,532000000,1697000000,11000000,-28000000,11000000,28000000,1000000,12000000,None,92000000,1000000000,-100000000,28000000,1100000000,1094000000,1028000000,1120000000,1100000000,USD,21603000000,6649000000,3044000000,4351000000,None,1370000000,14954000000,1387000000,None,12230000000,1535000000,10695000000,1307000000,None,1307000000,932000000,617000000,10722000000,5164000000,289000000,3460000000,0,85000000,1444000000,583000000,4114000000,85000000,None,4114000000,1469000000,196000000,10881000000,12244000000,16428000000,0,480000000,USD,1184000000,24000000,None,57000000,96000000,188000000,96000000,-10000000,-35000000,1100000000,80000000,-901000000,None,850000000,850000000,None,None,None,None,None,0,None,-849000000,1000000,1100000000,-7000000,1100000000,,,,,,
2020-02-28,USD,2639000000,3091000000,452000000,54000000,937000000,1128000000,532000000,1702000000,19000000,-33000000,19000000,33000000,-1000000,18000000,None,96000000,919000000,-36000000,33000000,955000000,954000000,952000000,1048000000,955000000,USD,21214000000,6455000000,2688000000,4171000000,None,1390000000,14759000000,1340000000,None,12317000000,1626000000,10691000000,1483000000,None,1483000000,895000000,598000000,10749000000,5228000000,265000000,3610000000,0,84000000,1360000000,598000000,4113000000,84000000,None,4113000000,1390000000,191000000,10465000000,11401000000,15390000000,0,483000000,USD,1325000000,62000000,None,-33000000,52000000,188000000,94000000,-145000000,-200000000,955000000,-48000000,-1233000000,None,850000000,850000000,None,3056000000,3056000000,None,None,3144000000,None,-762000000,88000000,38000000,-6000000,955000000,,,,,,
2019-11-29,USD,2540000000,2992000000,452000000,54800000,970000000,1027526000,499806000,1570000000,18212000,-36515000,-515000,36000000,588000,18255000,None,270700000,958000000,106000000,36515000,957147000,857000000,994000000,1264700000,852000000,USD,20762000000,6495000000,2650000000,4177000000,None,1530000000,14582175000,1293000000,1569000000,12411764000,1720565000,10691000000,929616000,None,1527000000,783140000,562000000,10232000000,8191000000,209000000,3500000000,3149000000,3149267000,2041307000,None,989000000,3149343000,None,4138267000,1454110000,173000000,10530000000,10615000000,14829000000,0,482339000,USD,1377000000,27476000,None,184454000,414873000,191000000,94095000,174000000,151276000,957147000,-169000000,-766000000,None,750000000,750000000,None,2527000,2527000,None,None,None,None,-749308000,1000000,441174000,-1000000,852000000,,,,,,
2019-08-30,USD,2418000000,2834000000,416000000,58800000,854000000,1031570000,489827000,1564000000,17760000,-39529000,471000,40000000,-1292000,17000000,None,101800000,835000000,42000000,39529000,792763000,743000000,875000000,976800000,793000000,USD,20054880000,5750096000,2209000000,3650788000,1,1370000000,14620484000,1244011000,None,12503693000,1815625000,10688068000,1441741000,None,1441741000,727611000,557080000,9812107000,7802966000,186999000,3260000000,3148587000,3148587000,891311000,None,988429000,3148587000,None,988429000,1347194000,169787000,10243000000,9874652000,13976701000,61000,484903000,USD,922000000,46593000,None,-97122000,247170000,193000000,89624000,100000000,81835000,792763000,-165000000,-624000000,None,750000000,750000000,None,None,None,None,None,0,None,-591672000,158000000,126137000,-7000000,793000000,,,,,,
2019-05-31,USD,2337000000,2744000000,407000000,55400000,750000000,1068261000,475958000,1587000000,16278000,-40577000,-577000,40000000,-13692000,2558000,None,98400000,711000000,78000000,40577000,632593000,639000000,751000000,849400000,633000000,USD,19665909000,5342645000,2083000000,3478979000,None,1272668000,14625764000,1205020000,None,12615023000,1917149000,10697874000,1396069000,None,1396069000,590998000,503221000,9734216000,7687097000,169101000,3130000000,3145668000,3145668000,936659000,None,987938000,3145668000,None,987938000,1360776000,165040000,9932000000,9158742000,13183938000,61000,486273000,USD,1110000000,27006000,None,166654000,-26163000,187000000,145760000,-21000000,-44948000,632593000,10000000,-772000000,None,750000000,750000000,None,2318000,2318000,None,None,0,None,-748088000,2000000,344135000,-4000000,633000000,2019-06-18,1.83,1.78,0.05,2.809,post-market
2019-03-01,USD,2204000000,2601000000,397000000,58000000,695000000,997000000,465000000,1509000000,16000000,-41000000,16071000,41000000,-12000000,4000000,None,105000000,702000000,28000000,41000000,702334000,672000000,743000000,848000000,674000000,USD,19505536000,5133715000,1739000000,3226257000,None,None,14371821000,1104065000,None,2017103000,2017103000,10707715000,None,None,1487411000,565115000,542938000,9634051000,5313736000,145292000,3220000000,892754000,892754000,4320315000,None,3236833000,892754000,None,4129587000,1154304000,168433000,9871000000,8414895000,12579311000,61000,488504000,USD,1013000000,51000000,None,-55000000,83000000,186000000,65000000,-65000000,-23466000,702334000,-132000000,-784000000,None,500000000,500000000,None,71594000,71594000,None,None,0,None,-428000000,72000000,96000000,-1000000,674000000,,,,,,
2018-11-30,USD,2105364000,2464625000,359262000,-744438000,720177000,935928000,415958000,1385178000,22578000,-27873000,-242000,27631000,-12152000,9657000,None,224200000,699115000,20875000,27873000,699217000,658693000,726746000,950946000,678240000,USD,18768682000,4857039000,1643000000,3228962000,1,1315578000,13911643000,1075072000,1405836000,12650049000,2069001000,10581000000,612104000,None,1586187000,312499000,None,9406568000,4301126000,186258000,None,0,93234000,4921110000,None,4124800000,None,None,4124800000,1105660000,152209000,9362000000,7990751000,11815597000,61000,487663000,USD,1107689000,19504000,None,-58329000,188387000,106228000,62563000,201002000,171427000,699217000,-3138583000,1925299000,None,300000000,300000000,None,2247095000,2247095000,None,None,0,None,-298753000,1257000,-104369000,1523000,678240000,2018-12-13,1.9,1.88,0.02,1.0638,post-market
2018-08-31,USD,1995584000,2291076000,295492000,295492000,718606000,854147000,398957000,1276978000,21561000,-21107000,None,21107000,-10349000,1608000,None,47000000,701358000,35067000,21107000,666291000,667473000,722465000,769465000,666291000,USD,15395620000,6300913000,1747144000,4944470000,1,1044507000,9009410000,1019260000,None,7806329000,669476000,7136853000,3197326000,None,3197326000,311936000,183821000,6533695000,3792027000,145566000,2707374000,None,61371000,867014000,None,1874654000,1884966000,None,1874654000,969898000,152421000,8861925000,7696767000,11137357000,61000,489007000,USD,955304000,24251000,None,126136000,-75110000,86890000,63558000,-58321000,-80027000,666291000,-1520334000,-671661000,None,750000000,750000000,None,46405000,46405000,None,None,0,None,-624939000,125061000,-1240842000,-4151000,666291000,2018-09-13,1.73,1.69,0.04,2.3669,post-market
2018-06-01,USD,1914016000,2195360000,281344000,17400000,698484000,824255000,374128000,1215532000,25771000,-20363000,None,20363000,-14222000,11599000,None,34600000,690799000,27632000,20363000,690799000,643876000,711162000,745762000,663167000,USD,15163404000,7741444000,2987986000,6334064000,None,None,7421960000,993486000,None,320478000,320478000,5823792000,None,None,3346078000,332503000,166234000,6457821000,3728956000,117194000,None,None,84283000,2728865000,None,1874057000,1884133000,None,1874057000,984017000,152494000,8705583000,6990489000,10471066000,61000,490435000,USD,976406000,11093000,None,51798000,55376000,76360000,45316000,13717000,27613000,690799000,67679000,-717365000,None,700000000,700000000,None,298000,298000,None,None,None,None,-699702000,298000,321005000,-5715000,663167000,,,,,,
2018-03-02,USD,1820045000,2078947000,258902000,16700000,702733000,751397000,348769000,1117312000,22630000,-19899000,None,19899000,-5889000,52000,None,33900000,702502000,119426000,19899000,702502000,584958000,722401000,756301000,583076000,USD,14973485000,7480814000,2666981000,6147970000,None,None,7492671000,991674000,None,353740000,353740000,5843899000,None,None,3480989000,270154000,153648000,6339457000,3536469000,131090000,None,None,58827000,2802988000,None,1874794000,1883311000,None,1874794000,862808000,149266000,8634028000,6295081000,9830399000,61000,492880000,USD,989601000,26410000,None,458336000,-89445000,76522000,95142000,-154398000,-171950000,702502000,-93762000,-541273000,None,300000000,300000000,None,64384000,64384000,None,None,None,None,-235616000,64384000,360909000,6343000,583076000,,,,,,
2017-12-01,USD,1735723000,2006595000,270872000,-663519000,649340000,743671000,324026000,1086383000,19516000,-19116000,None,19116000,-9085000,11000,None,194200000,643012000,141463000,19116000,643012000,488358000,662128000,856328000,501549000,USD,14535556000,7247813000,2306000000,5819774000,1,1217968000,7287743000,936976000,1266518000,6207219000,385658000,5821561000,None,None,3513702000,210071000,143548000,6075687000,3527457000,113538000,2494542000,None,63746000,666809000,None,1881421000,1882479000,None,1881421000,944223000,125188000,8459000000,6084436000,9573870000,61000,491262000,USD,833220000,9661000,None,-130805000,217418000,81234000,37684000,213634000,190423000,643012000,20366000,-319509000,None,300000000,300000000,None,669000,669000,None,None,None,None,-299331000,669000,531522000,-2555000,501549000,,,,,,
2017-09-01,USD,1578152000,1841074000,262922000,262922000,545674000,697495000,315555000,1032478000,17180000,-18809000,None,18809000,-4140000,11000,None,39100000,541379000,121810000,18809000,541379000,467691000,560188000,599288000,419569000,USD,13906815000,6581057000,1774550000,5368486000,1,None,7325758000,939809000,None,420667000,420667000,5820656000,None,None,3593936000,206384000,144626000,5736381000,3216144000,90327000,None,None,99833000,2520237000,None,1889218000,1889218000,None,1889218000,889213000,113632000,8170434000,5791809000,9072321000,61000,492874000,USD,704436000,25811000,None,174868000,88755000,82319000,54238000,105814000,93392000,541379000,-36814000,-218299000,None,300000000,300000000,None,22735000,22735000,None,None,None,None,-195148000,104852000,457600000,8277000,419569000,,,,,,
2017-06-02,USD,1532830000,1772190000,239360000,239360000,504082000,710027000,299401000,1028748000,15216000,-18347000,None,18347000,-10349000,41000,None,39100000,492618000,118228000,18347000,492618000,413046000,510965000,550065000,374390000,USD,13364900000,6052197000,1316950000,4931513000,None,None,7312703000,924108000,None,453834000,453834000,5788703000,None,None,3614563000,219232000,146058000,5560902000,3047896000,77905000,None,None,138001000,2513006000,None,1890000000,1888398000,None,1888398000,826037000,112296000,7803998000,5538849000,8652752000,61000,493324000,USD,644827000,9070000,None,107458000,26452000,81635000,55297000,51975000,165610000,492618000,-87547000,-314432000,None,300000000,300000000,None,1043000,1043000,None,None,None,None,-298957000,1043000,248054000,5206000,374390000,,,,,,
2017-03-03,USD,1444309000,1681646000,237337000,237337000,468999000,671105000,285077000,975310000,14157000,-18130000,None,18130000,-7131000,20000,None,38100000,460632000,62186000,18130000,460632000,386639000,478762000,516862000,398446000,USD,13044783000,5755562000,1068896000,4647617000,None,None,7289221000,821730000,None,489202000,489202000,5753575000,None,80439000,3578721000,257105000,144275000,5456093000,2954069000,191484000,None,None,52671000,2502024000,None,1880000000,None,None,1884074000,721906000,110509000,7588690000,5245290000,8299362000,61000,495130000,USD,730370000,24888000,None,-80096000,-173492000,80809000,30903000,-184250000,-217066000,460632000,-338882000,-331495000,None,200000000,200000000,None,51787000,51787000,None,None,None,None,-148213000,51787000,57581000,-2412000,398446000,,,,,,
2016-12-02,USD,1391863000,1608419000,216556000,216556000,472280000,643234000,257849000,919583000,13330000,-17518000,None,17518000,-12711000,21000,None,194600000,456700000,57087000,17518000,456700000,360122000,474218000,668818000,399613000,USD,12697246000,5839774000,1011315000,4761300000,None,None,6867340000,816264000,1109948000,414405000,414405000,5406474000,None,80439000,3749985000,245441000,139890000,5272411000,2811635000,88024000,2014750000,None,81475000,2470644000,None,1892200000,1892200000,None,1902068000,696517000,97404000,7424835000,5132472000,8114517000,61000,494254000,USD,695601000,13847000,None,239055000,88054000,81860000,48633000,103383000,98803000,456700000,-143098000,-300469000,None,300000000,300000000,None,5874000,5874000,None,None,None,None,-294126000,5874000,243643000,-8391000,399613000,,,,,,
2016-09-02,USD,1261266000,1463967000,202701000,202701000,369325000,620839000,248450000,891941000,11849000,-17281000,None,17281000,-10001000,8000,None,40000000,356301000,85513000,17281000,356301000,269723000,373582000,413582000,270788000,USD,12367441000,5418710000,767672000,4446398000,None,None,6948731000,811524000,None,454230000,454230000,5433180000,None,80439000,3678726000,241146000,169358000,5089495000,2505666000,83444000,None,None,48123000,2583829000,None,1916591000,None,None,1916591000,628817000,99945000,7277946000,-4844706000,7714904000,61000,497025000,USD,517885000,28216000,None,138930000,48961000,84014000,55213000,65655000,57793000,356301000,-306588000,-324957000,None,400000000,400000000,None,None,None,None,None,None,None,-312462000,87538000,-118707000,-5047000,270788000,,,,,,
2016-06-03,USD,1196630000,1398709000,202079000,202079000,344239000,600919000,232484000,852391000,11482000,-17174000,None,17174000,-6474000,5000,None,37800000,329830000,85756000,17174000,329830000,262707000,347004000,384804000,244074000,USD,12216783000,5238564000,886379000,4318408000,None,None,6978219000,796077000,None,494193000,494193000,5444556000,None,80439000,3432029000,253420000,162954000,4968172000,2385590000,75582000,None,None,50151000,2582582000,None,1918389000,None,None,1918389000,626636000,96950000,7248611000,4490788000,7444115000,61000,498972000,USD,488715000,58299000,None,211073000,83864000,84461000,53759000,65652000,62774000,329830000,-251505000,-180888000,None,225000000,225000000,None,6741000,6741000,None,None,None,None,-218259000,6741000,55683000,-639000,244074000,,,,,,
2016-03-04,USD,1184763000,1383335000,198572000,198572000,307758000,621407000,237204000,877005000,10677000,-18469000,None,18469000,-6530000,-4000,None,37600000,292307000,38000000,18469000,292307000,271708000,310776000,348376000,254307000,USD,11896682000,4935390000,830696000,4097888000,None,None,6961292000,794876000,None,518686000,518686000,5389000000,None,80439000,3267192000,238295000,178291000,4815480000,2231806000,71706000,None,None,33863000,2583674000,None,1916831000,None,None,1916831000,562416000,94951000,7081202000,4280749000,7221083000,61000,500693000,USD,497527000,40936000,None,37594000,10558000,81200000,46200000,-74274000,-52673000,292307000,-258842000,-284392000,None,150000000,150000000,None,None,None,None,None,None,None,-104456000,45544000,-45864000,-157000,254307000,,,,,,
2015-11-27,USD,1105043000,1306404000,201361000,201361000,290434000,575524000,220514000,814609000,8232000,-16515000,None,16515000,-8200000,21542000,None,189200000,296940000,74235000,16515000,296940000,194456000,313455000,502655000,222705000,USD,11726472000,4821892000,876560000,3988084000,None,None,6904580000,787421000,971195000,510007000,510007000,5366881000,3111524000,80439000,3111524000,161802000,159832000,4724892000,2213556000,93307000,None,0,34161000,2511336000,None,1907231000,1907231000,None,1907231000,651888000,88673000,7001580000,4267715000,7253431000,61000,497809000,USD,454515000,17219000,None,170084000,62646000,86359000,64676000,79398000,55914000,296940000,-285987000,-115150000,None,100000000,125000000,None,602189000,602189000,None,None,0,None,-115489000,9511000,47268000,-6110000,222705000,,,,,,
2015-08-28,USD,1026783000,1217768000,190985000,190985000,246019000,544609000,218660000,780764000,7394000,-16519000,None,16519000,-3690000,159000,None,46300000,232619000,58154000,16519000,174465000,163106000,249138000,295438000,174465000,USD,11508395000,4525888000,829292000,3668733000,82438000,None,6982507000,797464000,None,556810000,556810000,5402159000,2874941000,80439000,2839441000,181163000,145635000,4667063000,2060814000,69823000,None,0,91312000,2606249000,None,1906094000,None,1900000000,1906094000,639967000,83985000,6841332000,4161660000,7049629000,61000,498705000,USD,360488000,39192000,None,120976000,88517000,87550000,48984000,91371000,78222000,174465000,-465091000,-18710000,None,100000000,100000000,None,None,None,None,None,0,None,-16410000,83590000,-126855000,-3542000,174465000,,,,,,
2015-05-29,USD,976985000,1162158000,185173000,185173000,193617000,557206000,208047000,783368000,6846000,-16605000,None,16605000,-3994000,254000,None,45600000,180974000,33481000,16605000,147493000,121831000,197579000,243179000,147493000,USD,11165383000,4178397000,956147000,3413248000,71218000,None,6986986000,785199000,None,583198000,583198000,5388971000,2492601000,80439000,2457101000,191314000,149179000,4555280000,1937033000,56539000,None,0,76320000,2618247000,None,0,None,1904376000,1904376000,628632000,85190000,6610103000,4134581000,6879444000,61000,498276000,USD,471484000,19157000,None,157646000,-25814000,85929000,35730000,-29209000,-14078000,147493000,-38909000,-186102000,None,200000000,200000000,None,None,None,None,None,0,None,-185151000,14849000,243263000,-3210000,147493000,,,,,,
2015-02-27,USD,942383000,1109181000,166798000,166798000,173025000,537822000,215509000,769358000,6288000,-14545000,None,14545000,-4247000,370000,None,39500000,163248000,78360000,14545000,84888000,-10828000,177793000,217293000,84888000,USD,11008422000,3972159000,712884000,3176820000,60470000,None,7036263000,784314000,None,629317000,629317000,5396174000,2463936000,80439000,2463936000,202442000,146019000,4419402000,1788160000,71670000,None,64000,64000,2631242000,None,0,None,1901554000,1901618000,586725000,77918000,6589020000,3961872000,6756803000,61000,500048000,USD,183015000,66778000,None,-97798000,-38146000,79635000,35546000,-62058000,-63426000,84888000,-698371000,119275000,None,200000000,200000000,None,932960000,932960000,None,None,989280000,None,-143680000,56320000,-404516000,-8435000,84888000,,,,,,
2014-11-28,USD,912385000,1073328000,160943000,160943000,124505000,542396000,213687000,787880000,5706000,-12678000,None,12678000,-6680000,74000,None,181800000,112275000,24139000,12678000,112275000,59975000,124953000,306753000,88136000,USD,10785829000,4602328000,1117400000,3739491000,95586000,None,6183501000,785123000,914034000,469662000,469662000,4721962000,2621600000,80439000,2622091000,175758000,126315000,4009924000,2494435000,68377000,None,603229000,603229000,1514785000,None,911086000,603229000,911086000,1514315000,740941000,73747000,6775905000,3918851000,6924294000,61000,497484000,USD,399753000,33493000,None,245073000,79315000,78147000,36775000,64045000,49529000,112275000,-77959000,-103353000,None,125000000,125000000,None,None,None,None,None,None,None,-111000000,14000000,214071000,-4370000,88136000,,,,,,
2014-08-29,USD,847685000,1005409000,157724000,157724000,74176000,548151000,212049000,773509000,5274000,-13361000,None,13361000,-5094000,240000,None,39100000,62938000,18252000,13361000,44686000,18110000,76299000,115399000,44686000,USD,10493680000,4279468000,903329000,3520197000,79713000,None,6214212000,785856000,None,490839000,490839000,4746781000,2616241000,80439000,2616868000,151227000,110297000,3762420000,2245248000,53791000,None,606426000,606426000,1517172000,None,0,None,None,1508256000,637468000,74403000,6731260000,3815287000,6850790000,61000,498599000,USD,268520000,58256000,None,32563000,-39965000,80154000,54966000,-2636000,-1569000,44686000,-170394000,-9794000,None,125000000,125000000,None,None,None,None,None,None,None,-20302000,104698000,86309000,-2023000,44686000,,,,,,
2014-05-30,USD,913304000,1068208000,154904000,154904000,135258000,555968000,209092000,778046000,5240000,-17103000,None,17103000,-4263000,335000,None,37600000,121271000,32744000,17103000,88527000,78578000,138374000,175974000,88527000,USD,10372199000,4114343000,817020000,3330211000,72489000,None,6257856000,642450000,None,532317000,532317000,4773798000,2512767000,207239000,2513191000,180086000,102052000,3735311000,2217972000,54858000,None,609742000,609742000,1517339000,None,896551000,None,None,1506293000,674263000,73712000,6636888000,3778601000,6806104000,61000,497247000,USD,367536000,8452000,None,112079000,1573000,77653000,27198000,21155000,30805000,88527000,-147932000,-135927000,None,150000000,150000000,None,None,None,None,None,None,None,-40857000,-80661000,83104000,-573000,88527000,,,,,,
2014-02-28,USD,851611000,1000120000,148509000,148509000,78746000,549125000,209525000,772865000,5134000,-16590000,None,16590000,-2803000,177000,None,41100000,64892000,17846000,16590000,47046000,57535000,81482000,122582000,47046000,USD,10245882000,3942391000,733916000,3132092000,91149000,None,6303491000,651083000,None,570171000,570171000,4782448000,2397720000,207239000,2398176000,208643000,92550000,3634999000,2112347000,64508000,None,613310000,613310000,1522652000,None,896418000,None,None,1509728000,603452000,71171000,6610883000,3655657000,6734701000,61000,498501000,USD,251673000,32931000,None,355000,-46933000,77636000,29393000,-90492000,-92904000,47046000,-94422000,-258209000,None,200000000,200000000,None,53776000,53776000,None,None,None,None,-200000000,189804000,-100640000,318000,47046000,2014-03-18,0.3,0.25,0.05,20,pre-market
2013-11-29,USD,894183000,1041699000,147516000,147516000,102836000,569898000,205196000,791347000,5267000,-16722000,None,16722000,-8322000,304000,None,184500000,88270000,22950000,16722000,88270000,98457000,104992000,289492000,65320000,USD,10380298000,4045929000,834556000,3173752000,102247000,None,6334369000,659774000,787964000,605254000,605254000,4771981000,2338476000,207239000,2339196000,170110000,90121000,3655664000,1525648000,62096000,None,14676000,14676000,2130016000,None,1496028000,14676000,1496028000,1513973000,673332000,61555000,6724634000,3643190000,6928964000,61000,496261000,USD,314982000,42599000,None,212121000,120206000,81350000,35121000,78366000,87340000,88270000,-15000,-300530000,None,400000000,400000000,None,None,None,None,None,None,None,-335108000,71954000,15471000,1034000,65320000,,,,,,
2013-08-30,USD,848043000,995119000,147076000,147076000,110354000,516716000,208700000,737689000,5332000,-16747000,None,16747000,-3847000,293000,None,42200000,93260000,10258000,16747000,83002000,68508000,110007000,152207000,83002000,USD,10234156000,3886124000,819085000,3163937000,71283000,None,6348032000,659747000,None,637957000,637957000,4752315000,2344042000,207239000,2344852000,128495000,90774000,3399397000,1329117000,71070000,None,17462000,17462000,2070280000,None,1502369000,None,None,1519831000,557442000,60902000,6834759000,3322654000,6878216000,61000,501806000,USD,215525000,40472000,None,-19977000,30842000,82175000,46798000,35824000,23155000,83002000,-397235000,-247371000,None,400000000,400000000,None,None,None,None,None,None,None,-237337000,169469000,-427325000,1756000,83002000,,,,,,
2013-05-31,USD,875268000,1010549000,135281000,135281000,111309000,523078000,203097000,763959000,5606000,-17205000,None,17205000,-5418000,293000,None,37500000,91127000,14581000,17205000,76546000,63897000,108332000,145832000,76546000,USD,10280369000,4557657000,1246410000,3865708000,78098000,None,5722712000,645865000,None,551265000,551265000,4225169000,2666359000,207239000,2619298000,143799000,93174000,3353067000,1264855000,53685000,None,20083000,20083000,2088212000,None,1505560000,None,None,1525643000,552202000,73445000,6927302000,3145566000,6855463000,61000,503052000,USD,299148000,716000,None,2567000,-33124000,80950000,46249000,-16328000,2712000,76546000,-334439000,-22642000,None,200000000,200000000,None,None,None,None,None,None,None,73221000,268205000,-59972000,-2039000,76546000,2013-06-18,0.36,0.34,0.02,5.8824,pre-market
2013-03-01,USD,851189000,1007873000,156684000,156684000,98224000,530886000,209638000,752965000,5681000,-16834000,None,16834000,-6174000,155000,None,38600000,83484000,18367000,16834000,83484000,74515000,100318000,138918000,65117000,USD,10165711000,4373083000,1306382000,3660689000,64930000,None,5792628000,686014000,None,580568000,580568000,4221487000,None,207239000,2354307000,161663000,97320000,3360373000,1264323000,72725000,None,None,22406000,2096050000,None,1509003000,None,None,1531409000,523358000,70168000,6805338000,3159793000,6808489000,61000,501045000,USD,322031000,31960000,None,-10209000,-96064000,76752000,60190000,-131511000,-153988000,83484000,-446114000,11405000,None,100000000,100000000,None,25703000,25703000,None,None,None,None,-100000000,88566000,-118670000,-5992000,65117000,,,,,,
2012-11-30,USD,1028450000,1153428000,124978000,124978000,307765000,513630000,195047000,720685000,5853000,-16767000,None,16767000,-8626000,-125000,None,171900000,290631000,68298000,16767000,290631000,230534000,307398000,479298000,222333000,USD,10040229000,4397066000,1425052000,3538353000,59537000,None,5643163000,664302000,734373000,545036000,545036000,4133259000,None,207239000,2113301000,116237000,93327000,3375047000,1271752000,49759000,None,None,11217000,2037589000,None,1495312000,None,1495312000,1508155000,649313000,50084000,6665182000,3407259000,7003003000,61000,494132000,USD,473659000,3964000,None,111559000,28387000,78621000,81789000,50569000,59256000,290631000,-129475000,-80419000,None,100000000,100000000,None,None,None,None,None,None,None,-80911000,85066000,262672000,-1093000,222333000,2012-12-13,0.61,0.57,0.04,7.0175,pre-market
2012-08-31,USD,960959000,1080580000,119621000,119621000,278304000,478805000,189145000,682655000,6575000,-17253000,None,17253000,-6458000,203000,None,36100000,263212000,61855000,17253000,201357000,203252000,280465000,316565000,201357000,USD,9630013000,4010173000,1162380000,3247363000,None,None,5619840000,619392000,None,576948000,576948000,4126548000,None,207239000,2084983000,196139000,89713000,3191320000,1169710000,58446000,None,None,11093000,2021610000,None,1499881000,None,None,1510974000,594525000,48764000,6438693000,3361053000,6815375000,61000,494732000,USD,263340000,32778000,None,-80889000,23597000,74110000,77432000,38923000,-22134000,201357000,-119220000,62956000,None,0,0,None,None,None,None,None,None,None,60948000,60948000,211142000,4066000,201357000,2012-09-19,0.58,0.58,0,0,pre-market
2012-06-01,USD,993531000,1124449000,130918000,130918000,305143000,497062000,180903000,688388000,5929000,-16629000,None,16629000,-7738000,268000,None,39500000,294574000,70698000,16629000,294574000,197744000,311203000,350703000,223876000,USD,9365832000,3770807000,951238000,2998117000,None,None,5595025000,573566000,None,600332000,600332000,4122813000,None,207239000,2046879000,243299000,91075000,3266186000,1245644000,69416000,None,None,9426000,2020542000,None,1500668000,None,None,1510094000,631687000,47636000,6099646000,3479213000,6671230000,61000,493987000,USD,448218000,2973000,None,130839000,35939000,77174000,60767000,18063000,69810000,294574000,-148260000,-148735000,None,225000000,225000000,None,None,None,None,None,None,None,-149129000,75871000,149975000,-1248000,223876000,,,,,,
2012-03-02,USD,936955000,1045220000,108265000,108265000,288979000,461644000,177728000,647976000,6193000,-16838000,None,16838000,-9721000,246000,None,33100000,270377000,85168000,16838000,270377000,202007000,287215000,320315000,185209000,USD,9132708000,3505655000,801263000,2766118000,None,None,5627053000,549780000,None,637825000,637825000,4138077000,None,207239000,1964855000,227326000,94132000,3146406000,1115022000,70100000,None,None,9318000,2031384000,None,1502893000,None,None,1512211000,543059000,54939000,5986302000,3379289000,6497070000,61000,495928000,USD,314363000,36553000,None,-200819000,-137641000,69861000,51088000,-152721000,-110179000,270377000,-437707000,-68525000,None,80000000,80000000,None,None,None,None,None,None,None,-66634000,13366000,-188237000,3632000,185209000,,,,,,
2011-12-02,USD,1035782000,1152161000,116379000,116379000,246131000,487916000,195403000,789651000,6440000,-16774000,None,16774000,-22959000,164000,None,152000000,233180000,59461000,16774000,233180000,144475000,249954000,401954000,173719000,USD,8991183000,3771451000,989500000,2911692000,None,None,5219732000,527828000,625930000,545526000,545526000,3849217000,None,21000000,1922192000,225386000,89922000,3208070000,1250779000,86660000,None,None,9212000,1957291000,None,1505096000,None,None,1514308000,678505000,50883000,5783113000,3529529000,6528735000,61000,491540000,USD,496753000,1232000,None,232095000,73743000,73290000,74897000,72743000,163840000,233180000,-259680000,-199000,None,0,0,None,695015000,695015000,None,None,None,None,1191000,1191000,220288000,-16586000,173719000,,,,,,
2011-09-02,USD,908558000,1013212000,104654000,104654000,274110000,439217000,181039000,634448000,6102000,-16431000,None,16431000,-6637000,140000,None,30200000,256719000,61618000,16431000,256719000,199953000,273150000,303350000,195101000,USD,8492758000,3469196000,769212000,2719276000,None,None,5023562000,499059000,None,419824000,419824000,3740199000,None,207239000,1950064000,190600000,157241000,2928800000,1032259000,65236000,None,None,9107000,1896541000,None,1507278000,None,None,1516385000,518226000,42782000,5563958000,3557234000,6381530000,61000,492806000,USD,325128000,31934000,None,-48316000,-19190000,64009000,65475000,-7710000,-42442000,256719000,-300122000,-97681000,None,150000000,150000000,None,None,None,None,None,None,None,-93820000,56180000,-58263000,14412000,195101000,,,,,,
2011-06-03,USD,913978000,1023179000,109201000,109201000,276724000,444237000,183211000,637254000,5865000,-16727000,None,16727000,-7629000,296000,None,33600000,259244000,29808000,16727000,259244000,255083000,275971000,309571000,229436000,USD,8339716000,3389318000,827475000,2625520000,None,None,4950398000,463415000,None,424199000,424199000,3693505000,None,207239000,1798045000,195228000,162040000,2950301000,1050379000,60533000,None,None,9003000,1899922000,None,1509428000,None,None,1518431000,542765000,44323000,5389415000,3505559000,6228574000,61000,493763000,USD,389331000,9127000,None,67770000,49501000,66620000,37501000,36637000,10486000,259244000,-102475000,-365960000,None,420015000,420015000,None,None,None,None,None,None,None,-373283000,46732000,-72681000,6423000,229436000,,,,,,
2011-03-04,USD,920067000,1027706000,107639000,107639000,302334000,429057000,178400000,617733000,6099000,-17020000,None,17020000,-7774000,314000,None,66286000,286087000,51496000,17020000,286087000,245858000,303107000,369393000,234591000,USD,8310024000,3350798000,900156000,2636835000,None,None,4959226000,453497000,None,447616000,447616000,3686073000,None,207239000,1736679000,180610000,164801000,2884617000,985532000,54742000,None,None,8900000,1899085000,None,1511553000,None,None,1520453000,522318000,44922000,5425407000,3178769000,6045631000,61000,504987000,USD,332102000,31623000,None,-87674000,-17889000,66286000,32421000,-20605000,-88794000,286087000,-95125000,-86518000,None,125000000,125000000,None,2169000,2169000,None,None,None,None,-84349000,40651000,150265000,-194000,234591000,,,,,,
2010-12-03,USD,900729000,1007946000,107217000,107217000,286943000,423031000,170378000,613786000,5948000,-16786000,None,16786000,2787000,174000,None,76097000,286011000,17161000,16786000,286011000,264707000,302797000,378894000,268850000,USD,8141148000,3216050000,749891000,2468015000,None,None,4925098000,448881000,525087000,457263000,457263000,3641844000,None,25018000,1718124000,193707000,98350000,2948761000,1068088000,52432000,None,None,8799000,1880673000,None,1513662000,None,None,1522461000,626109000,42017000,5192387000,3264294000,5980914000,61000,501897000,USD,310621000,497000,None,21023000,87564000,76097000,55427000,59554000,-4914000,286011000,-203004000,-186262000,None,200000000,200000000,None,None,None,None,None,None,None,-190370000,9630000,-64258000,14387000,268850000,,,,,,
2010-09-03,USD,891235000,990319000,99084000,99084000,302013000,405396000,168296000,589222000,5883000,-16395000,None,16395000,865000,255000,None,73154000,296752000,66687000,16395000,296752000,211641000,313147000,386301000,230065000,USD,7947029000,3236415000,814149000,2578274000,None,None,4710614000,422920000,None,413091000,413091000,3489938000,None,207239000,1764125000,173591000,177426000,2862171000,967202000,56465000,None,None,8698000,1894969000,None,1515752000,None,None,1524450000,526112000,31554000,5084858000,3100721000,5738864000,61000,513057000,USD,291423000,31393000,None,-7725000,49868000,73154000,39040000,46723000,-13610000,296752000,-266668000,-354244000,None,400000000,400000000,None,None,None,None,None,None,None,-354420000,45580000,-323457000,6032000,230065000,,,,,,
2010-06-04,USD,835202000,943035000,107833000,107833000,227285000,410929000,167318000,607917000,4986000,-16076000,None,16076000,-12190000,536000,None,74906000,194173000,45562000,16076000,194173000,159496000,210249000,285155000,148611000,USD,8006931000,3276071000,1137606000,2644722000,None,None,4730860000,407621000,None,447372000,447372000,3488252000,None,207239000,1507116000,192198000,180376000,2828176000,969908000,50273000,None,None,71978000,1858268000,None,1493651000,None,1493651000,1493651000,485091000,30816000,5178755000,2807600000,5570097000,61000,525068000,USD,251090000,125000,None,57987000,100588000,106590000,49628000,87600000,-2288000,194173000,-480903000,-214857000,None,250000000,250000000,None,None,None,None,None,None,None,-215764000,34236000,-451836000,-7166000,148611000,,,,,,
2010-03-05,USD,769332000,858700000,89368000,89368000,176833000,388340000,174340000,592499000,5105000,-7695000,None,7695000,-5084000,248000,None,68581000,166215000,39061000,7695000,166215000,131817000,173910000,242491000,127154000,USD,7945069000,3177219000,1589442000,2672384000,None,None,4767850000,386205000,None,487605000,487605000,3494073000,None,207239000,1082942000,154258000,192728000,2773649000,900774000,44188000,None,None,151841000,1872875000,None,1493546000,None,1493546000,1757027000,384210000,30074000,5171420000,2624783000,5427068000,61000,525782000,USD,259861000,2617000,None,80318000,-63781000,101358000,25547000,-59601000,-161351000,166215000,-208719000,540101000,None,20000,20000,None,1493439000,1493439000,None,None,None,None,49804000,49824000,589955000,-1288000,127154000,,,,,,
2009-11-27,USD,674959000,757283000,82324000,82324000,153642000,332170000,137852000,521317000,6323000,-1535000,None,1535000,-7234000,377000,None,85037000,160212000,192255000,1535000,160212000,-29325000,161747000,246784000,-32043000,USD,7282237000,2473624000,999487000,1904473000,None,None,4808613000,388132000,442718000,527388000,527388000,3494589000,None,63526000,904986000,158272000,191265000,2391669000,844553000,58904000,None,None,46634000,1547116000,None,1000000000,None,1000000000,1000000000,457439000,27464000,4890568000,2823914000,5299914000,61000,522657000,USD,253841000,1635000,None,93839000,-3939000,172669000,34933000,10090000,113264000,160212000,-1091888000,705346000,None,0,None,None,None,None,None,None,None,None,57347000,57347000,-132657000,44000,-32043000,,,,,,
2009-08-28,USD,632460000,697507000,65047000,65047000,167602000,310913000,138902000,464858000,7616000,-460000,None,460000,-3545000,147000,None,63921000,174416000,38371000,460000,136045000,130463000,174876000,238797000,136045000,USD,5961960000,2990934000,1132144000,2556461000,None,None,2971026000,335752000,None,117384000,117384000,2125946000,None,207239000,1424317000,152666000,184705000,1267402000,614383000,48416000,None,None,20332000,653019000,None,350000000,None,350000000,350000000,357307000,25293000,4694558000,2962530000,5331957000,61000,524665000,USD,236681000,None,None,None,None,34378000,58431000,-383731000,3312000,136045000,-55894000,-276600000,None,350000000,None,None,None,None,None,None,None,None,-350000000,73400000,-94636000,1177000,136045000,,,,,,
2009-05-29,USD,632665000,704673000,72008000,72008000,161353000,70818000,138470000,471312000,None,None,None,620000,None,324000,None,64725000,163730000,37659000,None,None,None,164350000,229075000,126071000,USD,6063745000,3087769000,1226780000,2664185000,None,None,2975976000,291720000,None,148507000,148507000,2134997000,None,None,1437405000,160986000,193513000,1262704000,613632000,None,None,None,11024000,649072000,None,350000000,None,350000000,350000000,375159000,22659000,4801041000,2783465000,5195912000,61000,524530000,,,,,,,,,,,,,,,,,,,,,,,,,,,,,,,,,,
2009-02-27,USD,709037000,786390000,77353000,77353000,207916000,74051000,149917000,501121000,None,None,None,792000,None,221000,None,68740000,203162000,46727000,None,None,None,203954000,272694000,156435000,,,,,,,,,,,,,,,,,,,,,,,,,,,,,,,,,,,,,,,,,,,,,,,,,,,,,,,,,,,,,,,,,,,,,,,
2008-11-28,USD,828863000,915301000,86438000,86438000,273193000,337291000,153148000,555670000,None,None,None,1992000,None,368000,None,67428000,276344000,30427000,None,None,None,278336000,345764000,245917000,,,,,,,,,,,,,,,,,,,,,,,,,,,,,,,,,,,,,,,,,,,,,,,,,,,,,,,,,,,,,,,,,,,,,,,
2008-08-29,USD,776406000,887257000,110851000,110851000,219469000,97156000,170124000,556937000,None,None,None,2390000,None,854000,None,64983000,228514000,36906000,None,None,None,230904000,295887000,191608000,,,,,,,,,,,,,,,,,,,,,,,,,,,,,,,,,,,,,,,,,,,,,,,,,,,,,,,,,,,,,,,,,,,,,,,
2008-05-30,USD,804020000,886886000,82866000,82866000,260178000,77078000,170300000,543842000,None,None,None,3828000,None,None,None,68656000,278006000,63096000,None,None,None,281834000,346662000,214910000,,,,,,,,,,,,,,,,,,,,,,,,,,,,,,,,,,,,,,,,,,,,,,,,,,,,,,,,,,,,,,,,,,,,,,,
2023-05-31,,,,,,,,,,,,,,,,,,,,,,,,,,,,,,,,,,,,,,,,,,,,,,,,,,,,,,,,,,,,,,,USD,2139000000,None,None,None,None,220000000,121000000,None,-142000000,1295000000,145000000,-1080000000,None,None,0,None,None,None,None,None,0,None,0,None,None,None,1295000000,2023-06-15,3.91,3.79,0.12,3.1662,post-market
2024-05-31,,,,,,,,,,,,,,,,,,,,,,,,,,,,,,,,,,,,,,,,,,,,,,,,,,,,,,,,,,,,,,,,,,,,,,,,,,,,,,,,,,,,,,,,,,,2024-06-13,4.48,4.39,0.09,2.0501,post-market
2024-02-29,,,,,,,,,,,,,,,,,,,,,,,,,,,,,,,,,,,,,,,,,,,,,,,,,,,,,,,,,,,,,,,,,,,,,,,,,,,,,,,,,,,,,,,,,,,2024-03-14,4.48,4.38,0.1,2.2831,post-market
2023-11-30,,,,,,,,,,,,,,,,,,,,,,,,,,,,,,,,,,,,,,,,,,,,,,,,,,,,,,,,,,,,,,,,,,,,,,,,,,,,,,,,,,,,,,,,,,,2023-12-13,4.27,4.14,0.13,3.1401,post-market
2023-08-31,,,,,,,,,,,,,,,,,,,,,,,,,,,,,,,,,,,,,,,,,,,,,,,,,,,,,,,,,,,,,,,,,,,,,,,,,,,,,,,,,,,,,,,,,,,2023-09-14,4.09,3.98,0.11,2.7638,post-market
2023-02-28,,,,,,,,,,,,,,,,,,,,,,,,,,,,,,,,,,,,,,,,,,,,,,,,,,,,,,,,,,,,,,,,,,,,,,,,,,,,,,,,,,,,,,,,,,,2023-03-15,3.8,3.68,0.12,3.2609,post-market
2022-11-30,,,,,,,,,,,,,,,,,,,,,,,,,,,,,,,,,,,,,,,,,,,,,,,,,,,,,,,,,,,,,,,,,,,,,,,,,,,,,,,,,,,,,,,,,,,2022-12-15,3.6,3.5,0.1,2.8571,post-market
2022-08-31,,,,,,,,,,,,,,,,,,,,,,,,,,,,,,,,,,,,,,,,,,,,,,,,,,,,,,,,,,,,,,,,,,,,,,,,,,,,,,,,,,,,,,,,,,,2022-09-15,3.4,3.33,0.07,2.1021,pre-market
2022-05-31,,,,,,,,,,,,,,,,,,,,,,,,,,,,,,,,,,,,,,,,,,,,,,,,,,,,,,,,,,,,,,,,,,,,,,,,,,,,,,,,,,,,,,,,,,,2022-06-16,3.35,3.31,0.04,1.2085,post-market
2022-02-28,,,,,,,,,,,,,,,,,,,,,,,,,,,,,,,,,,,,,,,,,,,,,,,,,,,,,,,,,,,,,,,,,,,,,,,,,,,,,,,,,,,,,,,,,,,2022-03-22,3.37,3.34,0.03,0.8982,post-market
2021-11-30,,,,,,,,,,,,,,,,,,,,,,,,,,,,,,,,,,,,,,,,,,,,,,,,,,,,,,,,,,,,,,,,,,,,,,,,,,,,,,,,,,,,,,,,,,,2021-12-16,3.2,3.2,0,0,pre-market
2021-08-31,,,,,,,,,,,,,,,,,,,,,,,,,,,,,,,,,,,,,,,,,,,,,,,,,,,,,,,,,,,,,,,,,,,,,,,,,,,,,,,,,,,,,,,,,,,2021-09-21,3.11,3.01,0.1,3.3223,post-market
2021-05-31,,,,,,,,,,,,,,,,,,,,,,,,,,,,,,,,,,,,,,,,,,,,,,,,,,,,,,,,,,,,,,,,,,,,,,,,,,,,,,,,,,,,,,,,,,,2021-06-17,3.03,2.81,0.22,7.8292,post-market
2021-02-28,,,,,,,,,,,,,,,,,,,,,,,,,,,,,,,,,,,,,,,,,,,,,,,,,,,,,,,,,,,,,,,,,,,,,,,,,,,,,,,,,,,,,,,,,,,2021-03-23,3.14,2.78,0.36,12.9496,post-market
2020-11-30,,,,,,,,,,,,,,,,,,,,,,,,,,,,,,,,,,,,,,,,,,,,,,,,,,,,,,,,,,,,,,,,,,,,,,,,,,,,,,,,,,,,,,,,,,,2020-12-10,2.81,2.66,0.15,5.6391,pre-market
2020-08-31,,,,,,,,,,,,,,,,,,,,,,,,,,,,,,,,,,,,,,,,,,,,,,,,,,,,,,,,,,,,,,,,,,,,,,,,,,,,,,,,,,,,,,,,,,,2020-09-15,2.57,2.41,0.16,6.639,post-market
2020-05-31,,,,,,,,,,,,,,,,,,,,,,,,,,,,,,,,,,,,,,,,,,,,,,,,,,,,,,,,,,,,,,,,,,,,,,,,,,,,,,,,,,,,,,,,,,,2020-06-11,2.45,2.33,0.12,5.1502,post-market
2020-02-29,,,,,,,,,,,,,,,,,,,,,,,,,,,,,,,,,,,,,,,,,,,,,,,,,,,,,,,,,,,,,,,,,,,,,,,,,,,,,,,,,,,,,,,,,,,2020-03-12,2.2,2.23,-0.03,-1.3453,post-market
2019-11-30,,,,,,,,,,,,,,,,,,,,,,,,,,,,,,,,,,,,,,,,,,,,,,,,,,,,,,,,,,,,,,,,,,,,,,,,,,,,,,,,,,,,,,,,,,,2019-12-12,2.29,2.26,0.03,1.3274,post-market
2019-08-31,,,,,,,,,,,,,,,,,,,,,,,,,,,,,,,,,,,,,,,,,,,,,,,,,,,,,,,,,,,,,,,,,,,,,,,,,,,,,,,,,,,,,,,,,,,2019-09-17,2.05,1.97,0.08,4.0609,post-market
2019-02-28,,,,,,,,,,,,,,,,,,,,,,,,,,,,,,,,,,,,,,,,,,,,,,,,,,,,,,,,,,,,,,,,,,,,,,,,,,,,,,,,,,,,,,,,,,,2019-03-14,1.65,1.62,0.03,1.8519,post-market
2018-05-31,,,,,,,,,,,,,,,,,,,,,,,,,,,,,,,,,,,,,,,,,,,,,,,,,,,,,,,,,,,,,,,,,,,,,,,,,,,,,,,,,,,,,,,,,,,2018-06-14,1.66,1.54,0.12,7.7922,post-market
2018-02-28,,,,,,,,,,,,,,,,,,,,,,,,,,,,,,,,,,,,,,,,,,,,,,,,,,,,,,,,,,,,,,,,,,,,,,,,,,,,,,,,,,,,,,,,,,,2018-03-15,1.55,1.44,0.11,7.6389,post-market
2017-11-30,,,,,,,,,,,,,,,,,,,,,,,,,,,,,,,,,,,,,,,,,,,,,,,,,,,,,,,,,,,,,,,,,,,,,,,,,,,,,,,,,,,,,,,,,,,2017-12-14,1.26,1.16,0.1,8.6207,post-market
2017-08-31,,,,,,,,,,,,,,,,,,,,,,,,,,,,,,,,,,,,,,,,,,,,,,,,,,,,,,,,,,,,,,,,,,,,,,,,,,,,,,,,,,,,,,,,,,,2017-09-19,1.1,1.01,0.09,8.9109,post-market
2017-05-31,,,,,,,,,,,,,,,,,,,,,,,,,,,,,,,,,,,,,,,,,,,,,,,,,,,,,,,,,,,,,,,,,,,,,,,,,,,,,,,,,,,,,,,,,,,2017-06-20,1.02,0.95,0.07,7.3684,post-market
2017-02-28,,,,,,,,,,,,,,,,,,,,,,,,,,,,,,,,,,,,,,,,,,,,,,,,,,,,,,,,,,,,,,,,,,,,,,,,,,,,,,,,,,,,,,,,,,,2017-03-16,0.94,0.87,0.07,8.046,post-market
2016-11-30,,,,,,,,,,,,,,,,,,,,,,,,,,,,,,,,,,,,,,,,,,,,,,,,,,,,,,,,,,,,,,,,,,,,,,,,,,,,,,,,,,,,,,,,,,,2016-12-15,0.9,0.86,0.04,4.6512,post-market
2016-08-31,,,,,,,,,,,,,,,,,,,,,,,,,,,,,,,,,,,,,,,,,,,,,,,,,,,,,,,,,,,,,,,,,,,,,,,,,,,,,,,,,,,,,,,,,,,2016-09-20,0.75,0.72,0.03,4.1667,post-market
2016-05-31,,,,,,,,,,,,,,,,,,,,,,,,,,,,,,,,,,,,,,,,,,,,,,,,,,,,,,,,,,,,,,,,,,,,,,,,,,,,,,,,,,,,,,,,,,,2016-06-21,0.71,0.68,0.03,4.4118,post-market
2016-02-29,,,,,,,,,,,,,,,,,,,,,,,,,,,,,,,,,,,,,,,,,,,,,,,,,,,,,,,,,,,,,,,,,,,,,,,,,,,,,,,,,,,,,,,,,,,2016-03-17,0.66,0.61,0.05,8.1967,post-market
2015-11-30,,,,,,,,,,,,,,,,,,,,,,,,,,,,,,,,,,,,,,,,,,,,,,,,,,,,,,,,,,,,,,,,,,,,,,,,,,,,,,,,,,,,,,,,,,,2015-12-10,0.62,0.6,0.02,3.3333,post-market
2015-08-31,,,,,,,,,,,,,,,,,,,,,,,,,,,,,,,,,,,,,,,,,,,,,,,,,,,,,,,,,,,,,,,,,,,,,,,,,,,,,,,,,,,,,,,,,,,2015-09-17,0.54,0.5,0.04,8,post-market
2015-05-31,,,,,,,,,,,,,,,,,,,,,,,,,,,,,,,,,,,,,,,,,,,,,,,,,,,,,,,,,,,,,,,,,,,,,,,,,,,,,,,,,,,,,,,,,,,2015-06-16,0.48,0.45,0.03,6.6667,post-market
2015-02-28,,,,,,,,,,,,,,,,,,,,,,,,,,,,,,,,,,,,,,,,,,,,,,,,,,,,,,,,,,,,,,,,,,,,,,,,,,,,,,,,,,,,,,,,,,,2015-03-17,0.44,0.39,0.05,12.8205,post-market
2014-11-30,,,,,,,,,,,,,,,,,,,,,,,,,,,,,,,,,,,,,,,,,,,,,,,,,,,,,,,,,,,,,,,,,,,,,,,,,,,,,,,,,,,,,,,,,,,2014-12-11,0.36,0.3,0.06,20,post-market
2014-08-31,,,,,,,,,,,,,,,,,,,,,,,,,,,,,,,,,,,,,,,,,,,,,,,,,,,,,,,,,,,,,,,,,,,,,,,,,,,,,,,,,,,,,,,,,,,2014-09-16,0.28,0.26,0.02,7.6923,post-market
2014-05-31,,,,,,,,,,,,,,,,,,,,,,,,,,,,,,,,,,,,,,,,,,,,,,,,,,,,,,,,,,,,,,,,,,,,,,,,,,,,,,,,,,,,,,,,,,,2014-06-17,0.37,0.3,0.07,23.3333,pre-market
2013-11-30,,,,,,,,,,,,,,,,,,,,,,,,,,,,,,,,,,,,,,,,,,,,,,,,,,,,,,,,,,,,,,,,,,,,,,,,,,,,,,,,,,,,,,,,,,,2013-12-12,0.32,0.32,0,0,pre-market
2013-08-31,,,,,,,,,,,,,,,,,,,,,,,,,,,,,,,,,,,,,,,,,,,,,,,,,,,,,,,,,,,,,,,,,,,,,,,,,,,,,,,,,,,,,,,,,,,2013-09-17,0.32,0.34,-0.02,-5.8824,pre-market
2013-02-28,,,,,,,,,,,,,,,,,,,,,,,,,,,,,,,,,,,,,,,,,,,,,,,,,,,,,,,,,,,,,,,,,,,,,,,,,,,,,,,,,,,,,,,,,,,2013-03-19,0.35,0.31,0.04,12.9032,pre-market
2012-05-31,,,,,,,,,,,,,,,,,,,,,,,,,,,,,,,,,,,,,,,,,,,,,,,,,,,,,,,,,,,,,,,,,,,,,,,,,,,,,,,,,,,,,,,,,,,2012-06-19,0.6,0.59,0.01,1.6949,pre-market
2012-02-29,,,,,,,,,,,,,,,,,,,,,,,,,,,,,,,,,,,,,,,,,,,,,,,,,,,,,,,,,,,,,,,,,,,,,,,,,,,,,,,,,,,,,,,,,,,2012-03-19,0.57,0.57,0,0,pre-market
2011-11-30,,,,,,,,,,,,,,,,,,,,,,,,,,,,,,,,,,,,,,,,,,,,,,,,,,,,,,,,,,,,,,,,,,,,,,,,,,,,,,,,,,,,,,,,,,,2011-12-15,0.67,0.6,0.07,11.6667,pre-market
2011-08-31,,,,,,,,,,,,,,,,,,,,,,,,,,,,,,,,,,,,,,,,,,,,,,,,,,,,,,,,,,,,,,,,,,,,,,,,,,,,,,,,,,,,,,,,,,,2011-09-20,0.55,0.54,0.01,1.8519,pre-market
2011-05-31,,,,,,,,,,,,,,,,,,,,,,,,,,,,,,,,,,,,,,,,,,,,,,,,,,,,,,,,,,,,,,,,,,,,,,,,,,,,,,,,,,,,,,,,,,,2011-06-21,0.55,0.51,0.04,7.8431,pre-market
2011-02-28,,,,,,,,,,,,,,,,,,,,,,,,,,,,,,,,,,,,,,,,,,,,,,,,,,,,,,,,,,,,,,,,,,,,,,,,,,,,,,,,,,,,,,,,,,,2011-03-22,0.58,0.57,0.01,1.7544,pre-market
2010-11-30,,,,,,,,,,,,,,,,,,,,,,,,,,,,,,,,,,,,,,,,,,,,,,,,,,,,,,,,,,,,,,,,,,,,,,,,,,,,,,,,,,,,,,,,,,,2010-12-20,0.56,0.52,0.04,7.6923,pre-market
2010-08-31,,,,,,,,,,,,,,,,,,,,,,,,,,,,,,,,,,,,,,,,,,,,,,,,,,,,,,,,,,,,,,,,,,,,,,,,,,,,,,,,,,,,,,,,,,,2010-09-21,0.54,0.49,0.05,10.2041,pre-market
2010-05-31,,,,,,,,,,,,,,,,,,,,,,,,,,,,,,,,,,,,,,,,,,,,,,,,,,,,,,,,,,,,,,,,,,,,,,,,,,,,,,,,,,,,,,,,,,,2010-06-22,0.44,0.42,0.02,4.7619,pre-market
2010-02-28,,,,,,,,,,,,,,,,,,,,,,,,,,,,,,,,,,,,,,,,,,,,,,,,,,,,,,,,,,,,,,,,,,,,,,,,,,,,,,,,,,,,,,,,,,,2010-03-23,0.4,0.37,0.03,8.1081,pre-market
2009-11-30,,,,,,,,,,,,,,,,,,,,,,,,,,,,,,,,,,,,,,,,,,,,,,,,,,,,,,,,,,,,,,,,,,,,,,,,,,,,,,,,,,,,,,,,,,,2009-12-15,0.39,0.37,0.02,5.4054,pre-market
2009-08-31,,,,,,,,,,,,,,,,,,,,,,,,,,,,,,,,,,,,,,,,,,,,,,,,,,,,,,,,,,,,,,,,,,,,,,,,,,,,,,,,,,,,,,,,,,,2009-09-15,0.35,0.34,0.01,2.9412,pre-market
2009-05-31,,,,,,,,,,,,,,,,,,,,,,,,,,,,,,,,,,,,,,,,,,,,,,,,,,,,,,,,,,,,,,,,,,,,,,,,,,,,,,,,,,,,,,,,,,,2009-06-16,0.35,0.35,0,0,pre-market
2009-02-28,,,,,,,,,,,,,,,,,,,,,,,,,,,,,,,,,,,,,,,,,,,,,,,,,,,,,,,,,,,,,,,,,,,,,,,,,,,,,,,,,,,,,,,,,,,2009-03-17,0.45,0.44,0.01,2.2727,pre-market
2008-11-30,,,,,,,,,,,,,,,,,,,,,,,,,,,,,,,,,,,,,,,,,,,,,,,,,,,,,,,,,,,,,,,,,,,,,,,,,,,,,,,,,,,,,,,,,,,2008-12-16,0.6,0.58,0.02,3.4483,pre-market
2008-08-31,,,,,,,,,,,,,,,,,,,,,,,,,,,,,,,,,,,,,,,,,,,,,,,,,,,,,,,,,,,,,,,,,,,,,,,,,,,,,,,,,,,,,,,,,,,2008-09-16,0.5,0.46,0.04,8.6957,pre-market
2008-05-31,,,,,,,,,,,,,,,,,,,,,,,,,,,,,,,,,,,,,,,,,,,,,,,,,,,,,,,,,,,,,,,,,,,,,,,,,,,,,,,,,,,,,,,,,,,2008-06-16,0.5,0.46,0.04,8.6957,pre-market
2008-02-29,,,,,,,,,,,,,,,,,,,,,,,,,,,,,,,,,,,,,,,,,,,,,,,,,,,,,,,,,,,,,,,,,,,,,,,,,,,,,,,,,,,,,,,,,,,2008-03-18,0.48,0.45,0.03,6.6667,pre-market
2007-11-30,,,,,,,,,,,,,,,,,,,,,,,,,,,,,,,,,,,,,,,,,,,,,,,,,,,,,,,,,,,,,,,,,,,,,,,,,,,,,,,,,,,,,,,,,,,2007-12-17,0.49,0.48,0.01,2.0833,pre-market
2007-08-31,,,,,,,,,,,,,,,,,,,,,,,,,,,,,,,,,,,,,,,,,,,,,,,,,,,,,,,,,,,,,,,,,,,,,,,,,,,,,,,,,,,,,,,,,,,2007-09-17,0.45,0.41,0.04,9.7561,pre-market
2007-05-31,,,,,,,,,,,,,,,,,,,,,,,,,,,,,,,,,,,,,,,,,,,,,,,,,,,,,,,,,,,,,,,,,,,,,,,,,,,,,,,,,,,,,,,,,,,2007-06-14,0.37,0.35,0.02,5.7143,pre-market
2007-02-28,,,,,,,,,,,,,,,,,,,,,,,,,,,,,,,,,,,,,,,,,,,,,,,,,,,,,,,,,,,,,,,,,,,,,,,,,,,,,,,,,,,,,,,,,,,2007-03-20,0.3,0.29,0.01,3.4483,pre-market
2006-11-30,,,,,,,,,,,,,,,,,,,,,,,,,,,,,,,,,,,,,,,,,,,,,,,,,,,,,,,,,,,,,,,,,,,,,,,,,,,,,,,,,,,,,,,,,,,2006-12-14,0.33,0.33,0,0,pre-market
2006-08-31,,,,,,,,,,,,,,,,,,,,,,,,,,,,,,,,,,,,,,,,,,,,,,,,,,,,,,,,,,,,,,,,,,,,,,,,,,,,,,,,,,,,,,,,,,,2006-09-14,0.29,0.26,0.03,11.5385,pre-market
2006-05-31,,,,,,,,,,,,,,,,,,,,,,,,,,,,,,,,,,,,,,,,,,,,,,,,,,,,,,,,,,,,,,,,,,,,,,,,,,,,,,,,,,,,,,,,,,,2006-06-15,0.31,0.3,0.01,3.3333,pre-market
2006-02-28,,,,,,,,,,,,,,,,,,,,,,,,,,,,,,,,,,,,,,,,,,,,,,,,,,,,,,,,,,,,,,,,,,,,,,,,,,,,,,,,,,,,,,,,,,,2006-03-22,0.32,0.29,0.03,10.3448,pre-market
2005-11-30,,,,,,,,,,,,,,,,,,,,,,,,,,,,,,,,,,,,,,,,,,,,,,,,,,,,,,,,,,,,,,,,,,,,,,,,,,,,,,,,,,,,,,,,,,,2005-12-15,0.3,0.29,0.01,3.4483,pre-market
2005-08-31,,,,,,,,,,,,,,,,,,,,,,,,,,,,,,,,,,,,,,,,,,,,,,,,,,,,,,,,,,,,,,,,,,,,,,,,,,,,,,,,,,,,,,,,,,,2005-09-15,0.29,0.27,0.02,7.4074,pre-market
2005-05-31,,,,,,,,,,,,,,,,,,,,,,,,,,,,,,,,,,,,,,,,,,,,,,,,,,,,,,,,,,,,,,,,,,,,,,,,,,,,,,,,,,,,,,,,,,,2005-06-16,0.28,0.27,0.01,3.7037,pre-market
2005-02-28,,,,,,,,,,,,,,,,,,,,,,,,,,,,,,,,,,,,,,,,,,,,,,,,,,,,,,,,,,,,,,,,,,,,,,,,,,,,,,,,,,,,,,,,,,,2005-03-17,0.27,0.25,0.02,8,pre-market
2004-11-30,,,,,,,,,,,,,,,,,,,,,,,,,,,,,,,,,,,,,,,,,,,,,,,,,,,,,,,,,,,,,,,,,,,,,,,,,,,,,,,,,,,,,,,,,,,2004-12-16,0.22,0.21,0.01,4.7619,pre-market
2004-08-31,,,,,,,,,,,,,,,,,,,,,,,,,,,,,,,,,,,,,,,,,,,,,,,,,,,,,,,,,,,,,,,,,,,,,,,,,,,,,,,,,,,,,,,,,,,2004-09-20,0.22,0.19,0.03,15.7895,pre-market
2004-05-31,,,,,,,,,,,,,,,,,,,,,,,,,,,,,,,,,,,,,,,,,,,,,,,,,,,,,,,,,,,,,,,,,,,,,,,,,,,,,,,,,,,,,,,,,,,2004-06-17,0.22,0.21,0.01,4.7619,pre-market
2004-02-29,,,,,,,,,,,,,,,,,,,,,,,,,,,,,,,,,,,,,,,,,,,,,,,,,,,,,,,,,,,,,,,,,,,,,,,,,,,,,,,,,,,,,,,,,,,2004-03-18,0.25,0.2,0.05,25,pre-market
2003-11-30,,,,,,,,,,,,,,,,,,,,,,,,,,,,,,,,,,,,,,,,,,,,,,,,,,,,,,,,,,,,,,,,,,,,,,,,,,,,,,,,,,,,,,,,,,,2003-12-11,0.17,0.16,0.01,6.25,pre-market
2003-08-31,,,,,,,,,,,,,,,,,,,,,,,,,,,,,,,,,,,,,,,,,,,,,,,,,,,,,,,,,,,,,,,,,,,,,,,,,,,,,,,,,,,,,,,,,,,2003-09-10,0.14,0.12,0.02,16.6667,pre-market
2003-05-31,,,,,,,,,,,,,,,,,,,,,,,,,,,,,,,,,,,,,,,,,,,,,,,,,,,,,,,,,,,,,,,,,,,,,,,,,,,,,,,,,,,,,,,,,,,2003-06-12,0.14,0.13,0.01,7.6923,pre-market
2003-02-28,,,,,,,,,,,,,,,,,,,,,,,,,,,,,,,,,,,,,,,,,,,,,,,,,,,,,,,,,,,,,,,,,,,,,,,,,,,,,,,,,,,,,,,,,,,2003-03-13,0.13,0.11,0.02,18.1818,pre-market
2002-11-30,,,,,,,,,,,,,,,,,,,,,,,,,,,,,,,,,,,,,,,,,,,,,,,,,,,,,,,,,,,,,,,,,,,,,,,,,,,,,,,,,,,,,,,,,,,2002-12-11,0.13,0.11,0.02,18.1818,pre-market
2002-08-31,,,,,,,,,,,,,,,,,,,,,,,,,,,,,,,,,,,,,,,,,,,,,,,,,,,,,,,,,,,,,,,,,,,,,,,,,,,,,,,,,,,,,,,,,,,2002-09-12,0.11,0.1,0.01,10,pre-market
2002-05-31,,,,,,,,,,,,,,,,,,,,,,,,,,,,,,,,,,,,,,,,,,,,,,,,,,,,,,,,,,,,,,,,,,,,,,,,,,,,,,,,,,,,,,,,,,,2002-06-13,0.14,0.13,0.01,7.6923,pre-market
2002-02-28,,,,,,,,,,,,,,,,,,,,,,,,,,,,,,,,,,,,,,,,,,,,,,,,,,,,,,,,,,,,,,,,,,,,,,,,,,,,,,,,,,,,,,,,,,,2002-03-14,0.11,0.1,0.01,10,pre-market
2001-11-30,,,,,,,,,,,,,,,,,,,,,,,,,,,,,,,,,,,,,,,,,,,,,,,,,,,,,,,,,,,,,,,,,,,,,,,,,,,,,,,,,,,,,,,,,,,2001-12-13,0.1,0.11,-0.01,-9.0909,pre-market
2001-08-31,,,,,,,,,,,,,,,,,,,,,,,,,,,,,,,,,,,,,,,,,,,,,,,,,,,,,,,,,,,,,,,,,,,,,,,,,,,,,,,,,,,,,,,,,,,2001-09-19,0.14,0.14,0,0,pre-market
2001-05-31,,,,,,,,,,,,,,,,,,,,,,,,,,,,,,,,,,,,,,,,,,,,,,,,,,,,,,,,,,,,,,,,,,,,,,,,,,,,,,,,,,,,,,,,,,,2001-06-14,0.17,0.14,0.03,21.4286,pre-market
2001-02-28,,,,,,,,,,,,,,,,,,,,,,,,,,,,,,,,,,,,,,,,,,,,,,,,,,,,,,,,,,,,,,,,,,,,,,,,,,,,,,,,,,,,,,,,,,,2001-03-15,0.17,0.14,0.03,21.4286,pre-market
2000-11-30,,,,,,,,,,,,,,,,,,,,,,,,,,,,,,,,,,,,,,,,,,,,,,,,,,,,,,,,,,,,,,,,,,,,,,,,,,,,,,,,,,,,,,,,,,,2000-12-14,0.17,0.14,0.03,21.4286,pre-market
2000-08-31,,,,,,,,,,,,,,,,,,,,,,,,,,,,,,,,,,,,,,,,,,,,,,,,,,,,,,,,,,,,,,,,,,,,,,,,,,,,,,,,,,,,,,,,,,,2000-09-14,0.14,0.13,0.01,7.6923,pre-market
2000-05-31,,,,,,,,,,,,,,,,,,,,,,,,,,,,,,,,,,,,,,,,,,,,,,,,,,,,,,,,,,,,,,,,,,,,,,,,,,,,,,,,,,,,,,,,,,,2000-06-15,0.13,0.12,0.01,8.3333,pre-market
2000-02-29,,,,,,,,,,,,,,,,,,,,,,,,,,,,,,,,,,,,,,,,,,,,,,,,,,,,,,,,,,,,,,,,,,,,,,,,,,,,,,,,,,,,,,,,,,,2000-03-16,0.12,0.11,0.01,9.0909,pre-market
1999-11-30,,,,,,,,,,,,,,,,,,,,,,,,,,,,,,,,,,,,,,,,,,,,,,,,,,,,,,,,,,,,,,,,,,,,,,,,,,,,,,,,,,,,,,,,,,,1999-12-16,0.12,0.1,0.02,20,pre-market
1999-08-31,,,,,,,,,,,,,,,,,,,,,,,,,,,,,,,,,,,,,,,,,,,,,,,,,,,,,,,,,,,,,,,,,,,,,,,,,,,,,,,,,,,,,,,,,,,1999-09-16,0.1,0.09,0.01,11.1111,pre-market
1999-05-31,,,,,,,,,,,,,,,,,,,,,,,,,,,,,,,,,,,,,,,,,,,,,,,,,,,,,,,,,,,,,,,,,,,,,,,,,,,,,,,,,,,,,,,,,,,1999-06-17,0.09,0.08,0.01,12.5,pre-market
1999-02-28,,,,,,,,,,,,,,,,,,,,,,,,,,,,,,,,,,,,,,,,,,,,,,,,,,,,,,,,,,,,,,,,,,,,,,,,,,,,,,,,,,,,,,,,,,,1999-03-18,0.08,0.06,0.02,33.3333,pre-market
1998-11-30,,,,,,,,,,,,,,,,,,,,,,,,,,,,,,,,,,,,,,,,,,,,,,,,,,,,,,,,,,,,,,,,,,,,,,,,,,,,,,,,,,,,,,,,,,,1998-12-16,0.1,0.08,0.02,25,pre-market
1998-08-31,,,,,,,,,,,,,,,,,,,,,,,,,,,,,,,,,,,,,,,,,,,,,,,,,,,,,,,,,,,,,,,,,,,,,,,,,,,,,,,,,,,,,,,,,,,1998-09-10,0.05,0.04,0.01,25,pre-market
1998-05-31,,,,,,,,,,,,,,,,,,,,,,,,,,,,,,,,,,,,,,,,,,,,,,,,,,,,,,,,,,,,,,,,,,,,,,,,,,,,,,,,,,,,,,,,,,,1998-06-25,0.05,0.05,0,0,pre-market
1998-02-28,,,,,,,,,,,,,,,,,,,,,,,,,,,,,,,,,,,,,,,,,,,,,,,,,,,,,,,,,,,,,,,,,,,,,,,,,,,,,,,,,,,,,,,,,,,1998-03-26,0.04,0.06,-0.02,-33.3333,pre-market
1997-11-30,,,,,,,,,,,,,,,,,,,,,,,,,,,,,,,,,,,,,,,,,,,,,,,,,,,,,,,,,,,,,,,,,,,,,,,,,,,,,,,,,,,,,,,,,,,1997-12-18,0.07,0.07,0,0,pre-market
1997-08-31,,,,,,,,,,,,,,,,,,,,,,,,,,,,,,,,,,,,,,,,,,,,,,,,,,,,,,,,,,,,,,,,,,,,,,,,,,,,,,,,,,,,,,,,,,,1997-09-19,0.07,0.06,0.01,16.6667,pre-market
1997-05-31,,,,,,,,,,,,,,,,,,,,,,,,,,,,,,,,,,,,,,,,,,,,,,,,,,,,,,,,,,,,,,,,,,,,,,,,,,,,,,,,,,,,,,,,,,,1997-06-18,0.07,0.07,0,0,pre-market
1997-02-28,,,,,,,,,,,,,,,,,,,,,,,,,,,,,,,,,,,,,,,,,,,,,,,,,,,,,,,,,,,,,,,,,,,,,,,,,,,,,,,,,,,,,,,,,,,1997-03-18,0.08,0.06,0.02,33.3333,pre-market
1996-11-30,,,,,,,,,,,,,,,,,,,,,,,,,,,,,,,,,,,,,,,,,,,,,,,,,,,,,,,,,,,,,,,,,,,,,,,,,,,,,,,,,,,,,,,,,,,1997-01-07,0.06,0.06,0,0,pre-market
1996-08-31,,,,,,,,,,,,,,,,,,,,,,,,,,,,,,,,,,,,,,,,,,,,,,,,,,,,,,,,,,,,,,,,,,,,,,,,,,,,,,,,,,,,,,,,,,,1996-09-25,0.04,0.04,0,0,pre-market
