fiscalDateEnding,reportedCurrency_x,grossProfit,totalRevenue,costOfRevenue,costofGoodsAndServicesSold,operatingIncome,sellingGeneralAndAdministrative,researchAndDevelopment,operatingExpenses,investmentIncomeNet,netInterestIncome,interestIncome,interestExpense,nonInterestIncome,otherNonOperatingIncome,depreciation,depreciationAndAmortization,incomeBeforeTax,incomeTaxExpense,interestAndDebtExpense,netIncomeFromContinuingOperations,comprehensiveIncomeNetOfTax,ebit,ebitda,netIncome_x,reportedCurrency_y,totalAssets,totalCurrentAssets,cashAndCashEquivalentsAtCarryingValue,cashAndShortTermInvestments,inventory,currentNetReceivables,totalNonCurrentAssets,propertyPlantEquipment,accumulatedDepreciationAmortizationPPE,intangibleAssets,intangibleAssetsExcludingGoodwill,goodwill,investments,longTermInvestments,shortTermInvestments,otherCurrentAssets,otherNonCurrentAssets,totalLiabilities,totalCurrentLiabilities,currentAccountsPayable,deferredRevenue,currentDebt,shortTermDebt,totalNonCurrentLiabilities,capitalLeaseObligations,longTermDebt,currentLongTermDebt,longTermDebtNoncurrent,shortLongTermDebtTotal,otherCurrentLiabilities,otherNonCurrentLiabilities,totalShareholderEquity,treasuryStock,retainedEarnings,commonStock,commonStockSharesOutstanding,reportedCurrency,operatingCashflow,paymentsForOperatingActivities,proceedsFromOperatingActivities,changeInOperatingLiabilities,changeInOperatingAssets,depreciationDepletionAndAmortization,capitalExpenditures,changeInReceivables,changeInInventory,profitLoss,cashflowFromInvestment,cashflowFromFinancing,proceedsFromRepaymentsOfShortTermDebt,paymentsForRepurchaseOfCommonStock,paymentsForRepurchaseOfEquity,paymentsForRepurchaseOfPreferredStock,dividendPayout,dividendPayoutCommonStock,dividendPayoutPreferredStock,proceedsFromIssuanceOfCommonStock,proceedsFromIssuanceOfLongTermDebtAndCapitalSecuritiesNet,proceedsFromIssuanceOfPreferredStock,proceedsFromRepurchaseOfEquity,proceedsFromSaleOfTreasuryStock,changeInCashAndCashEquivalents,changeInExchangeRate,netIncome_y,reportedDate,reportedEPS,estimatedEPS,surprise,surprisePercentage,reportTime
2024-04-30,USD,6971000000,9192000000,6935000000,2162000000,1709000000,3886000000,1368000000,5262000000,None,None,None,None,9133000000,121000000,None,879000000,1867000000,334000000,None,1533000000,1488000000,1709000000,2588000000,1533000000,USD,96180000000,25604000000,9958000000,17753000000,None,4273000000,67070000000,3506000000,None,53809000000,4869000000,48940000000,12690000000,4978000000,7795000000,1796000000,3742000000,36497000000,23149000000,None,16061000000,1000000000,1859000000,13348000000,3087000000,9429000000,1000000000,8429000000,9429000000,1500000000,2400000000,59683000000,13860000000,12866000000,1000000,970000000,USD,6247000000,28000000,None,-3795000000,-6648000000,1396000000,163000000,-7162000000,None,1533000000,-2651000000,-2108000000,None,2133000000,2133000000,None,388000000,388000000,None,None,0,None,-1600000000,None,None,None,1533000000,2024-05-29,2.44,2.38,0.06,2.521,post-market
2024-01-31,USD,7139000000,9251000000,7343000000,2148000000,1622000000,4069000000,1275000000,5517000000,None,None,None,140000000,9287000000,58000000,None,953000000,1645000000,199000000,None,1451000000,1552000000,1622000000,2575000000,1446000000,USD,99823000000,29074000000,8472000000,14274000000,None,11414000000,68114000000,2635000000,None,53898000000,5278000000,48620000000,10570000000,4848000000,5802000000,1561000000,3433000000,40177000000,26631000000,None,19003000000,1371000000,1889000000,14148000000,602000000,9426000000,999000000,8427000000,9426000000,2500000000,2475000000,59646000000,11692000000,11721000000,1000000,971000000,USD,3403000000,835000000,None,7421000000,6657000000,1450000000,147000000,6564000000,765000000,1451000000,-468000000,-946000000,None,1692000000,1692000000,None,869000000,869000000,None,None,0,None,-823000000,None,None,None,1446000000,2024-02-28,2.29,2.26,0.03,1.3274,post-market
2023-10-31,USD,6565000000,8734000000,6877000000,2155000000,1501000000,3805000000,1204000000,5064000000,None,None,None,70000000,8720000000,58000000,None,862000000,1487000000,263000000,None,1224000000,1151000000,1501000000,2363000000,1224000000,USD,91022000000,20202000000,6453000000,11914000000,1757000000,4850000000,67013000000,3807000000,None,54351000000,5737000000,48614000000,10184000000,4774000000,5461000000,1732000000,3176000000,32932000000,19394000000,None,12564000000,999000000,1522000000,13538000000,3287000000,9425000000,999000000,8426000000,9425000000,1896000000,2348000000,58090000000,10004000000,10275000000,1000000,972000000,USD,1532000000,28000000,None,-1644000000,-143000000,862000000,166000000,-550000000,-546000000,1224000000,-54000000,-1765000000,0,1925000000,1925000000,None,274000000,274000000,None,None,0,0,-1651000000,None,None,None,1224000000,2023-11-29,2.11,2.06,0.05,2.4272,post-market
2023-07-31,USD,6490000000,8639000000,6797000000,2113000000,1476000000,3745000000,1220000000,5014000000,None,-41000000,29000000,70000000,8603000000,45000000,None,890000000,1492000000,225000000,None,1267000000,1264000000,1476000000,2366000000,1267000000,USD,92447000000,21138000000,6772000000,12449000000,1781000000,5400000000,67433000000,3876000000,None,54748000000,6182000000,48566000000,10403000000,4778000000,5677000000,1560000000,2980000000,34365000000,20805000000,None,14237000000,999000000,1509000000,13560000000,3377000000,9423000000,999000000,8424000000,9423000000,1784000000,2269000000,58082000000,8057000000,9051000000,1000000,975000000,USD,808000000,90000000,None,-1427000000,820000000,890000000,180000000,768000000,-219000000,1267000000,-1152000000,-2050000000,0,1949000000,1949000000,None,362000000,362000000,None,None,0,0,-1587000000,None,None,None,1267000000,2023-08-30,2.12,1.9,0.22,11.5789,post-market
2023-04-30,USD,6122000000,8245000000,7882000000,2125000000,412000000,3792000000,1207000000,5710000000,None,67000000,141000000,74000000,8247000000,55000000,None,1254000000,326000000,127000000,None,199000000,218000000,412000000,1666000000,199000000,USD,93541000000,21981000000,9155000000,14019000000,1772000000,4632000000,67865000000,3695000000,None,55221000000,6654000000,48567000000,9455000000,4633000000,4864000000,1600000000,2859000000,36129000000,21626000000,None,15121000000,181000000,772000000,14503000000,3471000000,9602000000,181000000,9421000000,9602000000,2218000000,2202000000,57412000000,6144000000,7784000000,1000000,980000000,USD,4491000000,46000000,None,-3826000000,-5832000000,1254000000,243000000,-6123000000,None,199000000,347000000,-2716000000,0,2054000000,2054000000,None,0,449000000,None,None,0,0,-1605000000,None,2122000000,None,199000000,2023-05-31,1.69,1.61,0.08,4.9689,post-market
2023-01-31,USD,6284000000,8096000000,7931000000,2100000000,357000000,3971000000,1128000000,5927000000,None,252000000,314000000,63000000,8447000000,-10000000,None,1032000000,33000000,131000000,None,-98000000,109000000,357000000,1389000000,-98000000,USD,98849000000,26395000000,7016000000,12556000000,1776000000,10755000000,69541000000,2913000000,None,55693000000,7125000000,48568000000,10164000000,4672000000,5540000000,1356000000,2800000000,40490000000,25891000000,None,17376000000,1439000000,1772000000,15133000000,534000000,10601000000,1182000000,9419000000,10601000000,2857000000,2283000000,58359000000,4000000000,7585000000,1000000,1009000000,USD,2788000000,870000000,None,7778000000,6424000000,1032000000,218000000,6481000000,None,-98000000,312000000,-2221000000,0,2323000000,2323000000,None,173000000,173000000,None,None,0,0,-2150000000,None,879000000,None,-98000000,2023-03-01,1.68,1.36,0.32,23.5294,post-market
2022-10-31,USD,5749000000,7786000000,7038000000,2088000000,460000000,4009000000,1280000000,5289000000,None,-59000000,16000000,75000000,7752000000,-8000000,None,941000000,475000000,265000000,None,210000000,84000000,460000000,1401000000,210000000,USD,91884000000,19209000000,6076000000,12097000000,1549000000,4275000000,69161000000,3514000000,None,56153000000,7598000000,48555000000,10966000000,5124000000,6021000000,3016000000,2679000000,32533000000,18227000000,None,11193000000,1182000000,1749000000,14306000000,3398000000,10600000000,1182000000,9418000000,10600000000,5285000000,2057000000,59351000000,1743000000,7683000000,1000000,997000000,USD,313000000,46000000,None,-2114000000,-408000000,941000000,198000000,-471000000,None,210000000,533000000,-1678000000,0,1677000000,1677000000,None,233000000,233000000,None,None,0,0,-1444000000,None,-832000000,None,210000000,2022-11-30,1.4,1.21,0.19,15.7025,post-market
2022-07-31,USD,5593000000,7839000000,7105000000,2127000000,193000000,4071000000,1329000000,5400000000,None,-65000000,11000000,76000000,7783000000,-57000000,None,907000000,181000000,113000000,None,68000000,23000000,193000000,1100000000,68000000,USD,94148000000,21246000000,6931000000,13758000000,1531000000,4745000000,69527000000,3375000000,None,56640000000,8072000000,48568000000,11726000000,5124000000,6827000000,2968000000,2669000000,34050000000,20080000000,None,12825000000,1183000000,1809000000,13970000000,3206000000,10599000000,1183000000,9416000000,10599000000,5446000000,1974000000,60098000000,None,7473000000,1000000,997000000,USD,334000000,92000000,None,-673000000,677000000,907000000,203000000,790000000,None,68000000,-377000000,136000000,0,0,0,None,None,None,None,None,0,0,181000000,None,93000000,None,68000000,2022-08-24,1.19,1.02,0.17,16.6667,post-market
2022-04-30,USD,5366000000,7492000000,6979000000,2045000000,20000000,4028000000,1318000000,5346000000,None,-18000000,56000000,74000000,7457000000,-56000000,None,906000000,-29000000,-57000000,None,28000000,-116000000,20000000,926000000,28000000,USD,93022000000,20411000000,6859000000,13749000000,1478000000,3952000000,69743000000,2868000000,None,56878000000,8559000000,48319000000,11580000000,4936000000,6890000000,2956000000,2693000000,34146000000,19899000000,None,13636000000,1002000000,1660000000,14247000000,3388000000,10597000000,1002000000,9595000000,10597000000,13636000000,1922000000,58876000000,None,7405000000,1000000,991000000,USD,3676000000,46000000,None,-3418000000,-5396000000,906000000,179000000,-5805000000,None,28000000,-2457000000,201000000,0,0,0,None,None,None,None,None,0,0,274000000,None,1420000000,None,28000000,2022-05-31,0.98,0.94,0.04,4.2553,post-market
2022-01-31,USD,5312000000,7272000000,7142000000,2014000000,-176000000,4197000000,1291000000,5488000000,None,-76000000,34000000,76000000,7326000000,-55000000,None,931000000,-197000000,-169000000,76000000,-28000000,-72000000,-176000000,810000000,-28000000,USD,95209000000,22850000000,5464000000,10907000000,1454000000,9739000000,69944000000,2415000000,None,56915000000,8978000000,47937000000,9857000000,4784000000,5443000000,2574000000,2623000000,37078000000,21788000000,None,15628000000,118000000,686000000,15561000000,271000000,10596000000,4000000,10592000000,10596000000,5474000000,1995000000,58131000000,0,7377000000,1000000,989000000,USD,1982000000,307000000,None,6658000000,5604000000,661000000,167000000,5719000000,-79000000,-28000000,-1459000000,203000000,0,0,0,None,None,None,None,None,0,0,259000000,None,726000000,None,-28000000,2022-03-01,0.84,0.74,0.1,13.5135,post-market
2021-10-31,USD,5019000000,7403000000,6585000000,1844000000,38000000,3778000000,1203000000,4981000000,None,-72000000,302000000,72000000,7361000000,-102000000,None,963000000,299000000,-169000000,72000000,468000000,430000000,38000000,1334000000,468000000,USD,87436000000,15957000000,4753000000,9994000000,1242000000,4019000000,71479000000,2768000000,None,57423000000,9472000000,47951000000,8642000000,4004000000,5241000000,1305000000,2525000000,30382000000,15035000000,None,10116000000,20000000,688000000,15347000000,3410000000,10611000000,20000000,10591000000,10611000000,24000000,2034000000,57054000000,None,7405000000,1000000,980000000,USD,404000000,256000000,None,-1695000000,-280000000,3000000,166000000,-91000000,-2000000,468000000,-976000000,-970000000,0,0,0,None,None,None,None,None,-6000000,0,430000000,None,-1542000000,None,468000000,2021-11-30,1.27,0.92,0.35,38.0435,post-market
2021-07-31,USD,4727000000,7085000000,5707000000,1613000000,332000000,3375000000,1020000000,4395000000,None,-40000000,506000000,40000000,6978000000,-32000000,None,719000000,826000000,291000000,40000000,535000000,519000000,332000000,1585000000,535000000,USD,88658000000,16256000000,6299000000,10661000000,1211000000,4074000000,72402000000,2711000000,None,57849000000,9746000000,48103000000,7456000000,4105000000,4362000000,1321000000,2794000000,33138000000,17393000000,None,11067000000,1342000000,2052000000,15745000000,3591000000,11931000000,1342000000,10589000000,11931000000,11067000000,2278000000,55520000000,None,6937000000,1000000,933000000,USD,386000000,219000000,None,132000000,985000000,6000000,213000000,812000000,-373000000,535000000,-11054000000,8440000000,0,None,None,None,None,None,None,None,7922000000,0,375000000,None,-2228000000,None,535000000,2021-08-25,1.48,0.92,0.56,60.8696,post-market
2021-04-30,USD,4408000000,6369000000,5343000000,1555000000,354000000,3103000000,951000000,4054000000,None,-33000000,269000000,33000000,6392000000,-38000000,None,685000000,604000000,135000000,33000000,469000000,443000000,354000000,1322000000,469000000,USD,64885000000,20444000000,8544000000,16374000000,1166000000,3174000000,44441000000,2490000000,None,30565000000,3925000000,26640000000,10423000000,3944000000,7830000000,1081000000,2641000000,22318000000,15323000000,None,11158000000,4000000,726000000,6995000000,3460000000,2689000000,4000000,2672000000,2689000000,11884000000,1589000000,42567000000,None,6402000000,1000000,921000000,USD,3228000000,283000000,None,-2544000000,-4599000000,8000000,171000000,-4616000000,-233000000,469000000,-1047000000,165000000,0,None,None,None,None,None,None,None,-10000000,0,225000000,None,2346000000,None,469000000,2021-05-27,1.21,0.88,0.33,37.5,post-market
2021-01-31,USD,4338000000,6122000000,5770000000,1479000000,193000000,3206000000,939000000,4145000000,None,-50000000,260000000,50000000,6172000000,-28000000,None,869000000,425000000,158000000,50000000,236000000,309000000,193000000,1344000000,267000000,USD,66301000000,21889000000,6195000000,14034000000,1146000000,7786000000,44606000000,2459000000,1955000000,30432000000,4114000000,26318000000,11748000000,3909000000,7839000000,991000000,2693000000,24808000000,17728000000,None,12607000000,39000000,13000000,7173000000,93000000,2677000000,4000000,2673000000,2690000000,12607000000,1565000000,41493000000,None,5933000000,1000000,919000000,USD,2174000000,249000000,None,5780000000,4428000000,576000000,-411000000,4429000000,-213000000,236000000,94000000,176000000,0,None,None,None,None,None,None,None,0,0,216000000,None,2444000000,None,267000000,2021-02-25,1.04,0.75,0.29,38.6667,post-market
2020-10-31,USD,4025000000,5412000000,4963000000,1394000000,224000000,2899000000,902000000,3801000000,19000000,-25000000,1030000000,25000000,5437000000,-10000000,None,670000000,1250000000,169000000,25000000,1081000000,1065000000,224000000,1945000000,1081000000,USD,59136000000,14946000000,3724000000,11753000000,1017000000,3316000000,44190000000,2564000000,None,30711000000,4398000000,26313000000,11956000000,3927000000,8029000000,1121000000,2564000000,18826000000,12234000000,None,7923000000,4000000,765000000,6592000000,3168000000,2691000000,4000000,2672000000,2691000000,41000000,1517000000,40310000000,None,5666000000,1000000,911000000,USD,339000000,268000000,None,-724000000,-208000000,1000000,124000000,-128000000,-124000000,1081000000,-1035000000,368000000,0,None,None,None,None,None,None,None,0,0,381000000,None,-328000000,None,1081000000,2020-12-01,1.74,0.75,0.99,132,post-market
2020-07-31,USD,3840000000,5294000000,4724000000,1311000000,178000000,2764000000,898000000,3662000000,19000000,-25000000,676000000,25000000,5319000000,-21000000,None,649000000,839000000,-1786000000,25000000,2625000000,2692000000,178000000,1513000000,2625000000,USD,57780000000,14846000000,4052000000,10147000000,948000000,3445000000,42934000000,2528000000,None,30977000000,4676000000,26301000000,8650000000,2555000000,6095000000,1170000000,2580000000,19340000000,12963000000,None,8711000000,3000000,767000000,6377000000,3174000000,2692000000,3000000,2673000000,2692000000,8805000000,1297000000,38440000000,None,4585000000,1000000,904000000,USD,429000000,226000000,None,228000000,552000000,1000000,114000000,349000000,-412000000,2625000000,-2593000000,441000000,0,None,None,None,None,None,None,None,0,0,466000000,None,-1723000000,None,2625000000,2020-08-25,1.44,0.67,0.77,114.9254,pre-market
2020-04-30,USD,3611000000,5199000000,4804000000,1254000000,-140000000,2892000000,859000000,3751000000,28000000,-25000000,195000000,25000000,5224000000,-5000000,None,658000000,47000000,-52000000,25000000,99000000,57000000,-140000000,730000000,99000000,USD,53623000000,14713000000,5772000000,9802000000,881000000,3076000000,38910000000,2518000000,None,29754000000,4488000000,25266000000,5932000000,1902000000,4030000000,954000000,582000000,19058000000,12843000000,None,9112000000,746000000,742000000,6215000000,3164000000,2693000000,4000000,2673000000,2693000000,9854000000,1120000000,34565000000,None,1960000000,1000000,896000000,USD,1859000000,272000000,None,-2312000000,-3083000000,1000000,323000000,-3094000000,-1118000000,99000000,-437000000,209000000,0,None,None,None,None,None,None,None,0,0,258000000,None,1631000000,None,99000000,2020-05-28,0.7,0.69,0.01,1.4493,post-market
2020-01-31,USD,3631000000,4851000000,4689000000,1220000000,-36000000,2836000000,831000000,3667000000,29000000,-30000000,30000000,30000000,4851000000,1000000,None,633000000,-4000000,244000000,30000000,-36000000,-267000000,-36000000,659000000,-248000000,USD,55126000000,15963000000,4145000000,7947000000,926000000,6174000000,39552000000,2375000000,1801000000,29858000000,4724000000,25134000000,5765000000,1963000000,3802000000,916000000,579000000,21241000000,14845000000,None,10662000000,807000000,750000000,6728000000,332000000,2694000000,4000000,2673000000,2694000000,11412000000,1278000000,33885000000,None,1861000000,1000000,893000000,USD,1632000000,229000000,None,4773000000,3466000000,403000000,136000000,3599000000,968000000,-36000000,-1465000000,125000000,0,None,None,None,None,None,None,None,0,0,290000000,None,-36000000,None,-248000000,2020-02-25,0.66,0.56,0.1,17.8571,post-market
2019-10-31,USD,3379000000,4625000000,4282000000,1134000000,65000000,2540000000,774000000,3314000000,32000000,-31000000,7000000,31000000,4665000000,-7000000,None,608000000,64000000,173000000,31000000,-109000000,-106000000,65000000,703000000,-109000000,USD,49942000000,11026000000,3868000000,6529000000,813000000,2573000000,39321000000,2365000000,None,30009000000,4987000000,25022000000,4421000000,1760000000,2661000000,1111000000,529000000,16663000000,10474000000,None,6858000000,803000000,735000000,6523000000,334000000,2845000000,3000000,2824000000,2845000000,7593000000,830000000,33279000000,None,2109000000,1000000,879000000,USD,298000000,285000000,None,-301000000,212000000,17000000,170000000,29000000,-140000000,-109000000,63000000,15000000,0,None,None,None,None,None,None,None,0,0,179000000,None,376000000,None,-109000000,2019-12-03,0.75,0.66,0.09,13.6364,post-market
2019-07-31,USD,3030000000,4029000000,3623000000,967000000,58000000,2199000000,607000000,2972000000,31000000,-34000000,31000000,34000000,3997000000,-3000000,None,457000000,164000000,73000000,34000000,91000000,79000000,58000000,655000000,91000000,USD,33336000000,9903000000,3510000000,6042000000,786000000,2332000000,23854000000,2283000000,None,14924000000,1725000000,13199000000,4146000000,1614000000,2532000000,743000000,603000000,16170000000,10195000000,None,7142000000,786000000,706000000,6311000000,336000000,2996000000,4000000,2973000000,2996000000,7848000000,661000000,17166000000,None,2218000000,1000000,776000000,USD,436000000,349000000,None,-301000000,118000000,18000000,178000000,146000000,113000000,91000000,-852000000,-183000000,0,None,None,None,None,None,None,None,0,0,152000000,None,-599000000,None,91000000,2019-08-22,0.66,0.47,0.19,40.4255,post-market
2019-04-30,USD,2823000000,3964000000,3410000000,914000000,210000000,2059000000,554000000,2613000000,26000000,-35000000,272000000,35000000,3737000000,-9000000,None,437000000,482000000,90000000,35000000,392000000,385000000,210000000,954000000,392000000,USD,33154000000,10035000000,4110000000,6379000000,786000000,2153000000,23556000000,2243000000,None,14648000000,1794000000,12854000000,3817000000,1548000000,2269000000,717000000,677000000,16708000000,10488000000,None,7585000000,857000000,675000000,6579000000,359000000,3197000000,4000000,3173000000,3197000000,8260000000,664000000,16446000000,None,2127000000,1000000,771000000,USD,1965000000,184000000,None,-1524000000,-2677000000,17000000,159000000,-2774000000,-821000000,392000000,-726000000,207000000,0,None,None,None,None,None,None,None,0,0,219000000,None,1446000000,None,392000000,2019-06-04,0.93,0.61,0.32,52.459,post-market
2019-01-31,USD,2657000000,3603000000,3221000000,946000000,137000000,2002000000,518000000,2520000000,16000000,-41000000,None,41000000,3603000000,-23000000,None,275000000,239000000,-123000000,41000000,137000000,378000000,280000000,555000000,362000000,USD,30737000000,10683000000,2669000000,4342000000,788000000,4924000000,19902000000,2051000000,1783000000,14774000000,1923000000,12851000000,2975000000,1302000000,1673000000,629000000,695000000,15132000000,11255000000,165000000,8564000000,3000000,3000000,3877000000,None,3198000000,3000000,3173000000,3198000000,2523000000,704000000,15605000000,None,1735000000,1000000,770000000,USD,1331000000,11000000,None,3787000000,2942000000,100000000,167000000,2888000000,549000000,137000000,-378000000,-386000000,0,None,None,None,None,None,None,None,0,0,136000000,None,564000000,-3000000,362000000,2019-03-04,0.7,0.55,0.15,27.2727,post-market
2018-10-31,USD,2503000000,3356000000,3075000000,889000000,92000000,1930000000,481000000,2411000000,13000000,-40000000,None,40000000,3392000000,-27000000,None,257000000,128000000,23000000,40000000,105000000,81000000,168000000,425000000,105000000,USD,26588000000,6870000000,2105000000,3450000000,667000000,2037000000,19594000000,1998000000,1726000000,14901000000,2053000000,12848000000,2596000000,1251000000,1345000000,683000000,436000000,11895000000,8022000000,160000000,5376000000,706000000,706000000,3873000000,None,3699000000,503000000,3173000000,3699000000,730000000,700000000,14693000000,None,1373000000,1000000,760000000,USD,143000000,54000000,None,-545000000,-34000000,104000000,136000000,48000000,82000000,105000000,-545000000,182000000,0,None,None,None,None,None,None,None,0,0,185000000,None,-214000000,6000000,105000000,2018-11-27,0.61,0.5,0.11,22,post-market
2018-07-31,USD,2432000000,3384000000,2955000000,849000000,115000000,1854000000,463000000,2317000000,12000000,-39000000,None,39000000,3281000000,-27000000,None,253000000,231000000,-68000000,39000000,299000000,282000000,270000000,523000000,299000000,USD,25823000000,6802000000,2319000000,3427000000,687000000,1980000000,18901000000,1986000000,1635000000,14230000000,1976000000,12254000000,3418000000,1202000000,1108000000,669000000,459000000,12295000000,8469000000,201000000,5883000000,708000000,708000000,3826000000,None,3700000000,503000000,3173000000,3700000000,700000000,653000000,13527000000,None,1269000000,1000000,747000000,USD,458000000,22000000,None,179000000,145000000,102000000,170000000,149000000,4000000,299000000,-4661000000,589000000,0,None,None,None,None,None,None,None,496000000,0,182000000,None,-3603000000,11000000,299000000,2018-08-29,0.53,0.47,0.06,12.766,post-market
2018-04-30,USD,2239000000,6180000000,2572000000,767000000,191000000,1624000000,424000000,2048000000,16000000,-34000000,None,34000000,3006000000,-17000000,None,197000000,385000000,41000000,34000000,344000000,330000000,419000000,616000000,344000000,USD,22963000000,10151000000,5922000000,7159000000,528000000,1763000000,11648000000,1950000000,1541000000,8259000000,815000000,7444000000,2261000000,1024000000,1237000000,667000000,392000000,11903000000,7895000000,134000000,6201000000,103000000,103000000,4008000000,None,3200000000,3000000,3172000000,3200000000,648000000,836000000,11060000000,None,969000000,1000000,729000000,USD,1466000000,7000000,None,-1258000000,-2072000000,105000000,122000000,-2162000000,-90000000,344000000,276000000,1625000000,0,None,None,None,None,None,None,None,2470000000,0,201000000,None,3379000000,12000000,344000000,2018-05-29,0.74,0.46,0.28,60.8696,post-market
2018-01-31,USD,2127000000,2851003000,2564276000,738000000,211000000,1638795000,396000000,1916000000,12000000,-21561000,439000,22000000,2865000000,-54000000,None,219000000,221000000,15000000,21561000,77869000,192000000,243000000,462000000,206000000,USD,21984000000,9584000000,2543000000,4521705000,None,3917401000,12057809000,1947000000,1456000000,8141000000,827000000,7314000000,2655504000,677283000,1978221000,818573000,384000000,11608000000,10067000000,76000000,7094705000,1127256000,1127256000,1487921000,None,1726821000,1025000000,695000000,1726821000,561000000,846000000,10376000000,None,635000000,1000000,707460000,USD,1052000000,6301000,None,3050569000,2206561000,-478448000,137759000,2397485000,190924000,77869000,-584000000,19000000,0,None,None,None,None,None,None,None,0,0,165514000,None,471000000,-16000000,206000000,2018-02-28,0.35,0.33,0.02,6.0606,post-market
2017-10-31,USD,1987000000,2658284000,2357401000,714000000,155000000,1455347000,394000000,1832000000,10000000,-21557000,-557000,21000000,5402000000,1000000,None,188000000,146000000,39000000,21557000,51394000,102000000,167000000,355000000,107000000,USD,17490036000,5946170000,2072000000,3628665000,None,1519916000,11786269000,1864891000,1454718000,8189909000,895768000,7294141000,2227234000,670406000,1556828000,764490000,424888000,8649869000,7216444000,120019000,4392082000,1252101000,1272000000,1433425000,None,1834509000,1137954000,696555000,1834509000,1432343000,736870000,9662000000,None,-404987000,722000,717445000,USD,125000000,6774000,None,-352072000,-33737000,219672000,111278000,-49406000,-15669000,51394000,-135000000,134000000,0,None,None,None,None,None,None,None,0,0,141970000,None,123000000,-1000000,107000000,2017-11-21,0.39,0.37,0.02,5.4054,post-market
2017-07-31,USD,1907000000,2539960000,2316606000,670000000,84000000,1453682000,387000000,1823000000,9000000,-21629000,371000,22000000,5154000000,0,None,192000000,63000000,17000000,21629000,17736000,54000000,85000000,277000000,46000000,USD,17418803000,5811341000,1949000000,3501245000,None,1569322000,11823558000,1866576000,1363619000,8260268000,965887000,7294381000,2209822000,657687000,1552135000,704140000,457996000,8950266000,7526185000,148279000,4818634000,1249617000,1269414000,1424081000,None,1826928000,1130729000,696199000,1826928000,1289858000,727882000,9219000000,None,-456381000,719000,712039000,USD,331000000,20543000,None,-36976000,97151000,210521000,128388000,129447000,32296000,17736000,-524000000,117000000,0,None,None,None,None,None,None,None,0,0,183009000,None,-76000000,0,46000000,2017-08-22,0.33,0.32,0.01,3.125,post-market
2017-04-30,USD,1746000000,2365383000,2205488000,651000000,4000000,1369825000,376000000,1742000000,5000000,-22196000,-196000,22000000,2397000000,0,None,185000000,-10000000,-11000000,22196000,-9207000,86000000,12000000,197000000,1000000,USD,17058930000,5404491000,2025000000,3219550000,1,1439875000,11863333000,1846413000,1281902000,8331409000,1041384000,7290025000,1833837000,639191000,1194646000,711379000,475234000,9124442000,7625863000,128065000,5042652000,1123525000,1143220000,1498579000,None,1819370000,1123525000,695845000,1819370000,1311926000,802734000,7934488000,None,-474117000,712000,706174000,USD,1230000000,102722000,None,-801392000,-1574096000,276639000,156602000,-1757507000,-183411000,-9207000,-768000000,-49000000,0,None,None,None,None,None,None,None,0,0,159807000,None,418000000,5000000,1000000,2017-05-18,0.28,0.26,0.02,7.6923,post-market
2017-01-31,USD,1668031000,2293988000,625957000,625918000,-23345000,1347184000,344065000,1582659000,3253000,-24323000,12000,24335000,None,3500000,None,180521000,-13220000,38220000,24323000,-23345000,68954000,11115000,191636000,-51440000,USD,17584923000,5996827000,1607000000,2208887000,None,3196643000,11271112000,1787534000,1198350000,8377374000,1113374000,7264000000,1169291000,566953000,602338000,557120000,486869000,10084796000,7295466000,115257000,5542802000,102106000,19594000,2826443000,None,2011849000,0,2008391000,2011849000,496857000,780939000,8230000000,None,-464910000,708000,707460000,USD,705948000,13599000,None,2365679000,1908402000,421589000,143974000,1905275000,-3127000,-23345000,-497506000,260345000,253274000,None,None,None,None,None,None,None,748824000,0,85616000,None,461627000,-7160000,-51440000,2017-02-28,0.28,0.25,0.03,12,post-market
2016-10-31,USD,1559253000,2144775000,585522000,585522000,3036000,1244758000,311459000,1556217000,3709000,-21946000,None,21946000,None,1782000,None,169346000,-12586000,24723000,21946000,-37309000,-89037000,9360000,178706000,-37309000,USD,14387669000,3001554000,1145736000,1200807000,None,1281425000,11178163000,1756673000,1124983000,6616999000,1271666000,6616999000,1161362000,1106291000,55071000,493493000,1100436000,7581632000,4975534000,140541000,3495133000,None,19492000,2606098000,None,1804371000,1123525000,1804371000,1804371000,1336808000,785287000,6806037000,None,-413470000,697000,690468000,USD,154312000,11365000,None,-272680000,-83329000,184011000,140653000,-42653000,40676000,-37309000,-193784000,81849000,0,None,None,None,None,None,None,None,0,0,92846000,None,30510000,-11867000,-37309000,2016-11-17,0.24,0.21,0.03,14.2857,post-market
2016-07-31,USD,1511039000,2036618000,525579000,525579000,32551000,1186982000,291506000,1478488000,11916000,-20708000,None,20708000,None,524000,None,149361000,24283000,-205339000,20708000,229622000,246984000,44991000,194352000,229622000,USD,14381314000,3277999000,1115226000,1174283000,526849000,1323114000,10903490000,1728243000,1077420000,6029895000,1439129000,6029895000,1152978000,1093921000,59057000,225004000,1455797000,8248738000,5376096000,101404000,3823561000,None,19391000,2872642000,None,1796929000,1123525000,1796929000,1796929000,1447101000,1060352000,6132576000,None,-376161000,685000,681126000,USD,250678000,6285000,None,-252728000,82895000,175751000,96030000,73167000,-9728000,229622000,-1542432000,616633000,495550000,None,None,None,None,None,None,None,495550000,0,133878000,None,-683857000,-8736000,229622000,2016-08-31,0.24,0.22,0.02,9.0909,post-market
2016-04-30,USD,1419622000,1916603000,496981000,496981000,51986000,1106666000,260970000,1367636000,8122000,-22011000,None,22011000,None,-13806000,None,132772000,37155000,-1604000,22011000,38759000,60099000,59166000,191938000,38759000,USD,12817270000,3774672000,1799083000,2031192000,None,1192965000,10180830000,1711472000,997021000,4129656000,685316000,4129656000,2437119000,2205010000,232109000,522398000,409185000,7233006000,5085103000,54583000,4006914000,None,18139000,2147903000,None,1293170000,None,1293170000,1293170000,1020475000,839725000,5584264000,None,-605783000,678000,677514000,USD,1051062000,23750000,None,-579345000,-1250641000,171299000,83301000,-1307312000,-56671000,38759000,-450278000,39173000,0,None,None,None,None,None,None,None,0,0,89141000,None,640720000,763000,38759000,2016-05-18,0.24,0.23,0.01,4.3478,post-market
2016-01-31,USD,1365719000,1809398000,443679000,443679000,20560000,1094299000,250860000,1345159000,3990000,-19465000,None,19465000,None,-9228000,None,131912000,-4143000,21366000,19465000,20560000,-42101000,15322000,147234000,-25509000,USD,12762920000,5731323000,1158000000,1341381000,481017000,2496165000,9758701000,1715828000,919837000,4339943000,490006000,3849937000,2087735000,1904717000,183018000,1423000,142097000,7760051000,5617005000,71481000,4291553000,None,15402000,2150898000,None,1293947000,2048566000,1293947000,1293947000,1262455000,833065000,5003000000,None,-653271000,671000,670929000,USD,470208000,15996000,None,1686753000,1389162000,168883000,68465000,1435439000,39191000,20560000,-605232000,74166000,0,None,None,None,None,None,None,None,0,0,87652000,None,-64955000,-4097000,-25509000,2016-02-24,0.19,0.19,0,0,post-market
2015-10-31,USD,1288284000,1711967000,423683000,423683000,43434000,1005638000,239212000,1244850000,3507000,-18249000,None,18249000,None,-7093000,None,134236000,43391000,68548000,18249000,-25157000,-30338000,61640000,195876000,-25157000,USD,10911966000,2938773000,1223318000,1358005000,484283000,1060726000,8398696000,1742142000,843476000,3849054000,687078000,3849054000,1574797000,1440110000,134687000,3572000,396727000,6162012000,3976978000,88755000,2846510000,None,11930000,2185034000,None,1287761000,None,1287761000,1287761000,1049008000,878048000,4749954000,None,-627762000,664000,664131000,USD,162514000,48692000,None,-131321000,-49103000,163472000,80041000,-15262000,33841000,-25157000,-112746000,87071000,0,None,None,None,None,None,None,None,0,0,98016000,None,133967000,-2872000,-25157000,2015-11-18,0.21,0.19,0.02,10.5263,post-market
2015-07-31,USD,1229300000,1634684000,405384000,405384000,19824000,975376000,234100000,1209476000,3283000,-18096000,None,18096000,None,1947000,None,131675000,6958000,7810000,18096000,-852000,-644000,25054000,156729000,-852000,USD,10793977000,2916787000,1089351000,1170469000,643722000,1067799000,8242981000,1725184000,767126000,3804288000,724764000,3804288000,1455498000,1374380000,81118000,6172000,415432000,6258174000,4112994000,99286000,3034991000,None,7528000,2145180000,None,1281612000,None,1281612000,1281612000,991240000,843517000,4535803000,None,-602605000,660000,659366000,USD,304278000,20459000,None,171941000,159490000,160670000,64883000,141418000,-18072000,-852000,-233777000,73725000,0,None,None,None,None,None,None,None,0,0,114799000,None,147395000,3169000,-852000,2015-08-20,0.19,0.17,0.02,11.7647,post-market
2015-04-30,USD,1129365000,1511167000,381802000,381802000,31105000,912749000,222128000,1098260000,4561000,-16675000,None,16675000,None,-918000,None,127927000,18073000,13981000,16675000,4092000,-152000,34748000,162675000,4092000,USD,10365682000,2604825000,941956000,1019015000,623345000,926381000,8436786000,1737094000,692769000,3791583000,754483000,3791583000,1299236000,1222177000,77059000,10492000,754378000,6130479000,3960876000,60227000,3056820000,None,857317000,2169603000,None,1275503000,None,1275503000,1275503000,10561000,870051000,4235203000,None,-601753000,656000,653809000,USD,735081000,8476000,None,-503701000,-967896000,155516000,71087000,-979170000,-11274000,4092000,-536123000,-161810000,-300000000,None,None,None,None,None,None,None,0,0,155015000,None,33839000,-3309000,4092000,2015-05-20,0.16,0.14,0.02,14.2857,post-market
2015-01-31,USD,1088685000,1444608000,355923000,355923000,-34816000,917511000,205990000,1123501000,2983000,-16882000,None,16882000,0,-4783000,None,117938000,-53498000,12267000,16882000,-34816000,-88622000,-36616000,81322000,-65765000,USD,10665127000,3514544000,908117000,995429000,632517000,1905506000,8278527000,1125866000,619827000,3782660000,632192000,3782660000,1157941000,1070629000,87312000,16620000,460219000,6689944000,4390103000,95537000,3321449000,None,994714000,2327696000,None,1370692000,1495981000,1370692000,1370692000,13084000,894468000,3975183000,None,-605845000,651000,650596000,USD,339953000,7693000,None,1302339000,1099598000,144476000,96854000,1110916000,11318000,-34816000,-145248000,-112035000,-285000000,None,None,None,None,None,None,None,0,0,82428000,None,61792000,-20878000,-65765000,2015-02-25,0.14,0.14,0,0,post-market
2014-10-31,USD,1050444000,1383655000,333211000,333211000,-22042000,877026000,195460000,1072486000,2622000,-17682000,None,17682000,15625000,-372000,None,111954000,-21849000,17075000,17682000,-38924000,-51338000,-4167000,107787000,-38924000,USD,9412663000,2439155000,846325000,1041039000,690388000,794590000,6548596000,1109816000,558572000,808597000,808597000,3782569000,1113769000,1033323000,79779000,28073000,595163000,5620167000,3308352000,88794000,None,None,179755000,947132000,None,1244438000,0,0,2350943000,847148000,915810000,3790614000,None,-540080000,631000,629548000,USD,122511000,5506000,None,-131364000,-46380000,139391000,188361000,-39792000,6588000,-38924000,-56266000,19893000,297325000,None,None,None,None,None,None,None,0,0,91337000,None,71600000,-14538000,-38924000,2014-11-19,0.14,0.13,0.01,7.6923,post-market
2014-07-31,USD,1010720000,1318551000,307831000,307831000,-33434000,841045000,203109000,1044154000,2655000,-18314000,None,18314000,None,-3876000,None,107596000,-52969000,8119000,18314000,-61088000,-65223000,-34655000,72941000,-61088000,USD,9009828000,2304687000,774725000,844575000,586249000,834323000,6263756000,1189930000,496994000,846412000,846412000,3492713000,1017644000,947472000,69850000,39540000,604556000,5703082000,3502738000,83604000,None,30000000,295102000,1141607000,None,1323839000,30000000,240000000,2347203000,807458000,865277000,3300568000,None,-501156000,619000,617016000,USD,245893000,1507000,None,170927000,126532000,131949000,71576000,150168000,23636000,-61088000,-286476000,-6919000,-7500000,None,None,None,None,None,None,None,0,0,61429000,None,-53166000,-5664000,-61088000,2014-08-21,0.13,0.12,0.01,8.3333,post-market
2014-04-30,USD,934467000,1226772000,292305000,292305000,-55341000,801450000,188358000,989808000,1778000,-20359000,None,20359000,None,-10847000,None,110808000,-84769000,12142000,20359000,-96911000,-99293000,-64410000,46398000,-96911000,USD,8641344000,2039381000,827891000,879124000,421742000,684155000,6132881000,1251000000,439997000,868748000,868748000,3500823000,1053249000,753203000,51233000,54360000,600090000,5499487000,3359954000,36723000,None,30000000,305029000,1086718000,None,1327844000,30000000,247500000,2292954000,729878000,802927000,3131914000,None,-440068000,614000,612512000,USD,473087000,17708000,None,-383099000,-680959000,128046000,60098000,-676682000,4277000,-96911000,-210370000,-219150000,-7500000,None,None,None,None,None,None,None,0,0,73795000,None,46256000,2689000,-96911000,2014-05-20,0.11,0.1,0.01,10,pre-market
2014-01-31,USD,871712000,1145242000,273530000,273530000,-103746000,802368000,173090000,975458000,1367000,-22743000,None,22743000,None,1975000,None,114813000,-123147000,-6524000,22743000,-103746000,-115749000,-100404000,14409000,-116623000,USD,9152930000,2680252000,781635000,838774000,403273000,1360837000,6728293000,1240746000,383777000,3500823000,909993000,3500823000,881732000,574732000,57139000,77368000,613490000,6087715000,3980188000,64988000,None,30000000,572159000,1060597000,None,1589089000,30000000,255000000,2508563000,869336000,757187000,3038510000,None,-343157000,610000,610143000,USD,271238000,15090000,None,884607000,666116000,126078000,69849000,756792000,90676000,-103746000,-193437000,56936000,None,None,None,None,None,None,None,None,0,0,72502000,None,129885000,-4852000,-116623000,2014-02-27,0.07,0.06,0.01,16.6667,pre-market
2013-10-31,USD,807847000,1076034000,268187000,268187000,-97931000,735088000,170690000,905778000,1110000,-22929000,None,22929000,None,-4291000,None,114347000,-124041000,393000,22929000,-124434000,-118867000,-101112000,13235000,-124434000,USD,8097634000,1800886000,651750000,703542000,382765000,604045000,5765455000,1205349000,346981000,949460000,949460000,3495021000,753543000,451770000,51792000,110534000,599511000,5151547000,3096689000,45162000,None,30000000,571125000,1013775000,None,1582208000,30000000,262500000,2457793000,794140000,702918000,2912356000,None,-226534000,603000,600467000,USD,137859000,8778000,None,-14715000,-19320000,117051000,72702000,4502000,23822000,-124434000,-163522000,92348000,None,None,None,None,None,None,None,None,0,0,110710000,None,71869000,5184000,-124434000,2013-11-18,0.09,0.09,0,0,pre-market
2013-07-31,USD,739377000,957094000,217717000,217717000,-39857000,631155000,148079000,779234000,4387000,-19656000,None,19656000,None,-1678000,None,77966000,-56804000,-133407000,19656000,76603000,74116000,-37148000,40818000,76603000,USD,7969896000,1698165000,579881000,623491000,324633000,599543000,5716577000,1184861000,294664000,999176000,999176000,3503681000,667450000,372501000,43610000,150498000,633428000,5110748000,3063315000,66859000,None,30000000,564391000,1012162000,None,1569662000,30000000,270000000,2439776000,697224000,687355000,2818649000,None,-102100000,596000,593955000,USD,183183000,3271000,None,-60949000,36227000,101083000,102549000,33297000,-2930000,76603000,-1855320000,325309000,None,None,None,None,None,None,None,None,0,0,40195000,None,-1348109000,-1281000,76603000,2013-08-29,0.09,0.07,0.02,28.5714,pre-market
2013-04-30,USD,683639000,892633000,208994000,8000000,-44540000,596240000,131939000,728179000,3354000,-11883000,None,11883000,None,-874000,None,62297000,-53943000,13778000,11883000,-67721000,-71132000,-42060000,20237000,-67721000,USD,6513709000,2876039000,1927990000,2099817000,None,502609000,3478144000,623684000,279342000,1595078000,50494000,1544584000,1457271000,1035847000,171827000,273613000,190623000,4003833000,2729687000,31522000,1733160000,527810000,527810000,1274146000,137049000,3114610000,527810000,1029495000,3114610000,495558000,49239000,2462796000,None,-178703000,590000,588385000,USD,283189000,2508000,None,-225643000,-363582000,88637000,54010000,-369889000,-6350000,-67721000,-219276000,1123641000,None,None,None,None,None,None,None,None,1132750000,84800000,151324000,None,1180745000,-6809000,-67721000,2013-05-23,0.1,0.1,0,0,pre-market
2013-01-31,USD,651319000,834681000,183362000,50621000,-20807000,550939000,121187000,672126000,4041000,-8355000,None,8355000,None,-922000,None,57395000,-26043000,-5199000,8355000,-20807000,-27356000,-17688000,39707000,-20844000,USD,5528956000,2015880000,747245000,867621000,None,872634000,3289997000,604669000,252940000,1578732000,49354000,1529378000,1316631000,942349000,120376000,275625000,168960000,3157711000,2917624000,14535000,9300000,521278000,521278000,291187000,126658000,1563834000,0,0,1563834000,583171000,175732000,2317633000,-2317633000,-110982000,586000,146406655,USD,281573000,-11113000,None,794043000,573354000,81394000,50522000,454044000,-651000,-20844000,-178318000,124483000,None,None,None,None,None,None,None,None,None,0,147492000,None,225525000,-2213000,-20844000,2013-02-28,0.13,0.1,0.03,30,pre-market
2012-10-31,USD,602150000,788398000,186248000,52065000,-54188000,542264000,114074000,656338000,3887000,-8190000,None,8190000,None,-4360000,None,59960000,-62851000,157446000,8190000,-220297000,-216378000,-54661000,5299000,-220297000,USD,4642290000,1257285000,521720000,605564000,None,418590000,3190975000,583839000,225874000,1576601000,51447000,1525154000,1194064000,860737000,83844000,233131000,153800000,2498676000,2323216000,57940000,13100000,514891000,514891000,226560000,63629000,1544673000,514891000,None,1544673000,524267000,46246000,2083615000,None,-90138000,142000,142203000,USD,105915000,3801000,None,-61966000,-31578000,74941000,51054000,-33664000,40542000,-220297000,-657899000,71979000,None,None,None,None,None,None,None,None,None,0,76483000,None,-479010000,995000,-220297000,2012-11-20,0.08,0.08,0,0,pre-market
2012-07-31,USD,569231000,731649000,162418000,43899000,-13466000,483255000,99442000,582697000,7173000,-8033000,None,8033000,None,294000,None,49999000,-14032000,-4203000,8033000,-9829000,-296000,-5999000,44000000,-9829000,USD,4453570000,1853125000,1000730000,1000730000,None,446917000,2349929000,556776000,199799000,881842000,41311000,840531000,1104891000,747878000,106933000,298545000,148039000,2494899000,2329167000,69339000,17400000,508533000,508533000,216832000,49790000,1525599000,508533000,None,1525599000,482888000,47165000,1892314000,None,130159000,139000,139425000,USD,136197000,17468000,None,130540000,147382000,67854000,29304000,75522000,42738000,-9829000,372286000,41047000,None,None,None,None,None,None,None,None,None,0,33824000,None,559945000,10415000,-9829000,2012-08-23,0.11,0.1,0.01,10,pre-market
2012-04-30,USD,543916000,695467000,151551000,42807000,-22249000,471389000,94776000,566165000,4461000,-6370000,None,6370000,None,-710000,None,49441000,-24868000,-5393000,6370000,-19475000,-21961000,-18498000,30943000,-19475000,USD,4156092000,1323033000,440785000,710388000,None,371395000,2554127000,549732000,178714000,874688000,43684000,831004000,1517170000,998655000,269603000,241250000,22191000,2346323000,1676852000,19752000,23600000,None,None,720571000,47788000,1506978000,None,502326000,1506978000,399731000,42010000,1809769000,None,139988000,138000,138150000,USD,213212000,624000,None,-189840000,-261948000,22400000,44721000,-312660000,-151104000,-19475000,-474987000,97036000,None,None,None,None,None,None,None,None,None,0,93567000,None,-166499000,-1760000,-19475000,2012-05-17,0.09,0.09,0,0,pre-market
2012-01-31,USD,495568000,631913000,136345000,36280000,-6377000,421332000,80613000,501945000,4965000,-5669000,None,5669000,None,-454000,None,45901000,-7535000,-3457000,5669000,-6377000,4628000,-1866000,44035000,-4078000,USD,4164154000,1672222000,607284000,777866000,None,683745000,2343306000,527946000,159482000,831491000,46110000,785381000,1142723000,723257000,170582000,210611000,155149000,2498053000,2300031000,33258000,30500000,496149000,496149000,225682000,48651000,1488447000,496149000,None,1488447000,502442000,37258000,1587360000,None,159463000,137000,137036541,USD,240347000,2869000,None,538818000,450007000,55019000,44602000,365099000,74734000,-4078000,-157336000,12472000,None,None,None,None,None,None,None,None,None,None,-32997000,None,104297000,8814000,-4078000,2012-02-23,0.11,0.1,0.01,10,pre-market
2011-10-31,USD,455695000,584260000,128565000,32259000,-10157000,389803000,76049000,465852000,5136000,-3859000,None,3859000,None,30000,None,41553000,-8850000,-5094000,3859000,-3756000,-6998000,-4991000,36562000,-3756000,USD,3511278000,1148240000,502987000,645848000,None,312331000,2235048000,504827000,152158000,777472000,45410000,732062000,1097856000,705880000,142861000,190061000,156418000,1928118000,1832589000,28265000,41000000,490119000,490119000,146629000,52559000,1470357000,490119000,None,1470357000,409150000,30204000,1498389000,None,163541000,136000,135847000,USD,128709000,632000,None,1580000,-10218000,46900000,34678000,-30101000,22116000,-3756000,-89788000,15001000,None,None,None,None,None,None,None,None,None,None,15794000,None,53193000,-729000,-3756000,2011-11-17,0.09,0.08,0.01,12.5,pre-market
2011-07-31,USD,425092000,546002000,120910000,31766000,-15748000,367447000,73393000,440840000,5112000,-3846000,None,3846000,None,-3231000,None,40239000,-17713000,-13445000,3846000,-4268000,2875000,-13867000,26372000,-4268000,USD,3421328000,1114822000,449794000,577376000,None,342397000,2169775000,470070000,135288000,718684000,47114000,671570000,1125550000,749565000,127582000,195049000,145500000,1912433000,1814057000,22321000,49600000,484128000,484128000,149476000,46088000,1452384000,484128000,None,1452384000,389853000,34777000,1418123000,None,167297000,135000,135093000,USD,82933000,2749000,None,71198000,103737000,43693000,45051000,66076000,38013000,-4268000,-321928000,20419000,None,None,None,None,None,None,None,None,None,None,42282000,None,-214818000,3758000,-4268000,2011-08-18,0.08,0.07,0.01,14.2857,pre-market
2011-04-30,USD,401298000,504364000,103066000,27823000,-2803000,338809000,65292000,404101000,8055000,-3671000,None,3671000,None,-800000,None,29593000,781000,251000,3671000,530000,-6113000,4452000,34045000,530000,USD,3128068000,1188129000,664612000,763836000,None,270816000,1843463000,446268000,118384000,437509000,30620000,406889000,1137529000,790042000,99224000,153477000,109595000,1775795000,1685212000,16969000,58700000,478369000,478369000,90583000,49062000,478369000,478369000,None,527431000,295970000,20292000,1255642000,None,171565000,134000,133454000,USD,139518000,337000,None,-86586000,-123527000,14800000,27314000,-156127000,-75024000,530000,79362000,27958000,None,None,None,None,None,None,None,None,None,None,91486000,None,240320000,-6518000,530000,2011-05-19,0.07,0.07,0,0,pre-market
2011-01-31,USD,364556000,456867000,92311000,31195000,-391000,307417000,57530000,364947000,9426000,-3290000,None,3290000,None,-1366000,None,23738000,4422000,-6491000,3290000,-391000,8602000,7712000,31450000,10913000,USD,3091165000,1074924000,424292000,496970000,None,426943000,1910251000,387174000,107782000,427741000,31660000,396081000,1258593000,937652000,72678000,151011000,104371000,1814674000,1276466000,18106000,934941000,None,945076000,589308000,25487000,472538000,None,472538000,1417614000,345121000,18481000,1276491000,None,171035000,133000,132,USD,165762000,-2730000,None,271814000,217738000,21587000,278000000,169833000,45148000,10870000,-382773000,10710000,None,None,None,None,171964000,171964000,None,None,None,None,-14794000,None,-206011000,290000,10913000,2011-02-24,0.08,0.06,0.02,33.3333,pre-market
2010-10-31,USD,346956000,429087000,82131000,28042000,35156000,264495000,47305000,311800000,11699000,-7374000,None,7374000,None,-921000,None,19710000,37264000,16192000,7374000,22368000,22247000,44638000,64348000,21072000,USD,2740694000,1192936000,630303000,769848000,None,258764000,1472769000,116078000,95284000,195754000000,8716000,187038000,1182815000,1043270000,139545000,164324000,69194000,1528228000,993045000,23320000,None,None,None,586283000,27949000,466847000,None,466847000,494796000,297271000,18284000,1210288000,None,160122000,131000,130888000,USD,74040000,1378000,None,72039000,77745000,27614000,28790000,30212000,41343000,22368000,243716000,-95155000,None,None,None,None,None,None,None,None,None,None,44353000,None,220378000,-2223000,21072000,2010-11-18,0.08,0.08,0,0,pre-market
2010-07-31,USD,316582000,394372000,77790000,28809000,29682000,243970000,42930000,286900000,8735000,-7185000,None,7185000,None,-1765000,None,17793000,27628000,12884000,7185000,16583000,22530000,34813000,52606000,14744000,USD,2698476000,1112136000,409925000,742267000,None,228550000,1526015000,100946000,85310000,193705000000,9166000,184539000,1456631000,1124289000,332342000,141319000,53357000,1442921000,928566000,20745000,None,None,None,565455000,14577000,461182000,None,461182000,475759000,244924000,18474000,1240626000,None,139050000,130000,129462000,USD,76096000,2351000,None,78551000,64183000,24839000,27831000,41413000,57559000,16583000,-415364000,54906000,None,None,None,None,None,None,None,None,None,None,34127000,None,-280869000,3493000,14744000,2010-08-19,0.07,0.07,0,0,pre-market
2010-04-30,USD,305232000,376813000,71581000,27524000,33050000,232060000,40122000,272182000,7875000,-7060000,None,7060000,None,-1973000,None,14505000,29761000,12016000,7060000,19876000,19244000,36821000,51326000,17745000,USD,2488097000,1263752000,690794000,951752000,None,183612000,1160163000,86710000,None,35050000,35050000,47749000,None,949796000,260958000,128388000,41727000,1339730000,838100000,13133000,None,None,None,501630000,11805000,455649000,None,455649000,467454000,177513000,17101000,1134510000,None,124306000,129000,128032000,USD,143183000,215000,None,-65061000,-128143000,24940000,12190000,-138951000,-10045000,19876000,-508133000,43613000,None,None,None,None,None,None,None,None,None,None,37516000,None,-320512000,825000,17745000,2010-05-20,0.08,0.08,0,0,pre-market
2010-01-31,USD,285990000,354049000,68059000,25631000,25519000,224024000,36447000,260471000,10628000,-20987000,-19780000,1207000,None,-262000,None,15287000,32657000,12263000,20987000,25519000,22203000,33864000,49151000,20394000,USD,2460201000,1706159000,1011306000,1241965000,None,320956000,691093000,89711000,87104000,34809000,6613000,48955000,722030000,485083000,230659000,143238000,39765000,1403535000,908130000,14791000,None,None,None,495405000,13485000,450198000,None,450198000,463683000,203162000,17551000,1043802000,-1056666000,106561000,127000,127152449,USD,91560000,276000,None,187420000,159164000,18660000,7056000,129877000,131754000,22415000,95003000,577655000,None,None,None,None,None,None,None,None,None,None,120273000,None,768418000,4200000,20394000,2010-02-24,0.04,0.04,0,0,pre-market
2009-10-31,USD,264979000,330549000,65570000,24825000,30141000,202075000,32763000,234838000,7503000,7211000,7503000,292000,None,-336000,None,13601000,36264000,15573000,-7211000,21443000,19468000,36556000,50157000,20691000,USD,1643201000,762915000,242888000,445334000,None,191297000,830429000,95598000,None,32780000,32780000,45402000,None,624758000,202446000,126284000,33976000,772661000,726478000,15617000,None,None,None,46183000,14952000,14952000,None,None,34250000,177359000,19298000,858891000,-870540000,86167000,125000,124561000,USD,35520000,292000,None,25698000,53926000,15698000,14089000,22515000,-7435000,21443000,-59832000,23562000,None,None,None,None,None,None,None,None,None,None,18559000,None,-3281000,-2531000,20691000,2009-11-17,0.04,0.04,0,0,pre-market
2009-07-31,USD,253565000,316061000,62496000,23525000,29489000,192973000,31103000,224076000,7747000,7454000,7747000,293000,None,-1072000,None,12144000,35228000,14030000,-7454000,43039000,23232000,35521000,47665000,21198000,USD,1556527000,701318000,246169000,420126000,None,168842000,810771000,96470000,None,28981000,28981000,44872000,None,610280000,173957000,112350000,29284000,754137000,712588000,None,None,None,None,24970000,14796000,14796000,None,None,31375000,160363000,16579000,791117000,None,65476000,124000,123846000,USD,45855000,285000,None,24326000,32961000,16115000,19328000,22816000,13866000,21841000,-157721000,18568000,None,None,None,None,None,None,None,None,None,None,5139000,None,-95536000,-2238000,21198000,2009-08-20,0.04,0.04,0,0,pre-market
2009-04-30,USD,243124000,304924000,61800000,61800000,30123000,43150000,31584000,213001000,4530000,None,None,208000,None,371000,None,12145000,34259000,15823000,None,None,None,34467000,46612000,18436000,,,,,,,,,,,,,,,,,,,,,,,,,,,,,,,,,,,,,,USD,97976000,None,None,None,None,12145000,13428000,None,None,18993000,-256066000,17368000,None,None,None,None,None,None,None,None,None,None,None,None,-142129000,-1407000,18436000,2009-05-21,0.04,0.03,0.01,33.3333,pre-market
2009-01-31,USD,230849000,289583000,58734000,58734000,16090000,40816000,29460000,214759000,None,None,None,17377000,None,252000,None,11033000,21617000,7864000,None,None,None,38994000,50027000,13753000,,,,,,,,,,,,,,,,,,,,,,,,,,,,,,,,,,,,,,USD,75529000,None,None,None,None,26351000,12232000,None,None,13875000,32330000,-7272000,None,None,None,None,None,None,None,None,None,None,None,None,101520000,933000,13753000,2009-02-25,0.03,0.02,0.01,50,pre-market
2008-10-31,USD,220139000,276487000,56348000,56348000,16133000,41284000,26270000,204006000,None,None,None,-3840000,None,534000,None,7910000,18948000,8824000,None,None,None,15108000,23018000,10124000,,,,,,,,,,,,,,,,,,,,,,,,,,,,,,,,,,,,,,USD,17121000,None,None,None,None,22694000,11614000,None,None,11683000,-85914000,24015000,None,None,None,None,None,None,None,None,None,None,None,None,-44729000,49000,10124000,2008-11-20,0.02,0.02,0,0,pre-market
2008-07-31,USD,208986000,263077000,54091000,54091000,16098000,38081000,24033000,192888000,None,None,None,-6708000,None,None,None,8870000,20554000,10558000,None,None,None,13846000,22716000,9996000,,,,,,,,,,,,,,,,,,,,,,,,,,,,,,,,,,,,,,USD,53075000,None,None,None,None,22777000,13036000,None,None,11408000,-38154000,34368000,None,None,None,None,None,None,None,None,None,None,None,None,48495000,-794000,9996000,2008-08-20,0.02,0.02,0,0,pre-market
2012-08-13,,,,,,,,,,,,,,,,,,,,,,,,,,USD,1000730000,1000730000,1000730000,1000730000,None,None,None,None,None,None,None,None,None,None,None,None,None,None,None,None,None,None,None,None,None,None,None,None,None,None,None,None,None,None,None,None,,,,,,,,,,,,,,,,,,,,,,,,,,,,,,,,,,
2008-04-30,,,,,,,,,,,,,,,,,,,,,,,,,,,,,,,,,,,,,,,,,,,,,,,,,,,,,,,,,,,,,,,,,,,,,,,,,,,,,,,,,,,,,,,,,,,2008-05-21,0.02,0.02,0,0,pre-market
2008-01-31,,,,,,,,,,,,,,,,,,,,,,,,,,,,,,,,,,,,,,,,,,,,,,,,,,,,,,,,,,,,,,,,,,,,,,,,,,,,,,,,,,,,,,,,,,,2008-02-27,0.02,0.01,0.01,100,pre-market
2007-10-31,,,,,,,,,,,,,,,,,,,,,,,,,,,,,,,,,,,,,,,,,,,,,,,,,,,,,,,,,,,,,,,,,,,,,,,,,,,,,,,,,,,,,,,,,,,2007-11-15,0.01,0.01,0,0,pre-market
2007-07-31,,,,,,,,,,,,,,,,,,,,,,,,,,,,,,,,,,,,,,,,,,,,,,,,,,,,,,,,,,,,,,,,,,,,,,,,,,,,,,,,,,,,,,,,,,,2007-08-15,0.01,None,None,None,pre-market
2007-04-30,,,,,,,,,,,,,,,,,,,,,,,,,,,,,,,,,,,,,,,,,,,,,,,,,,,,,,,,,,,,,,,,,,,,,,,,,,,,,,,,,,,,,,,,,,,2007-05-16,0.01,0.02,-0.01,-50,pre-market
2007-01-31,,,,,,,,,,,,,,,,,,,,,,,,,,,,,,,,,,,,,,,,,,,,,,,,,,,,,,,,,,,,,,,,,,,,,,,,,,,,,,,,,,,,,,,,,,,2007-02-21,0.02,0.02,0,0,pre-market
2006-10-31,,,,,,,,,,,,,,,,,,,,,,,,,,,,,,,,,,,,,,,,,,,,,,,,,,,,,,,,,,,,,,,,,,,,,,,,,,,,,,,,,,,,,,,,,,,2006-11-15,0.02,0.01,0.01,100,pre-market
2006-07-31,,,,,,,,,,,,,,,,,,,,,,,,,,,,,,,,,,,,,,,,,,,,,,,,,,,,,,,,,,,,,,,,,,,,,,,,,,,,,,,,,,,,,,,,,,,2006-08-16,0.02,0.01,0.01,100,pre-market
2006-04-30,,,,,,,,,,,,,,,,,,,,,,,,,,,,,,,,,,,,,,,,,,,,,,,,,,,,,,,,,,,,,,,,,,,,,,,,,,,,,,,,,,,,,,,,,,,2006-05-17,0.01,0.01,0,0,pre-market
2006-01-31,,,,,,,,,,,,,,,,,,,,,,,,,,,,,,,,,,,,,,,,,,,,,,,,,,,,,,,,,,,,,,,,,,,,,,,,,,,,,,,,,,,,,,,,,,,2006-02-22,0.01,0.01,0,0,pre-market
2005-10-31,,,,,,,,,,,,,,,,,,,,,,,,,,,,,,,,,,,,,,,,,,,,,,,,,,,,,,,,,,,,,,,,,,,,,,,,,,,,,,,,,,,,,,,,,,,2005-11-16,0.01,0.01,0,0,pre-market
2005-07-31,,,,,,,,,,,,,,,,,,,,,,,,,,,,,,,,,,,,,,,,,,,,,,,,,,,,,,,,,,,,,,,,,,,,,,,,,,,,,,,,,,,,,,,,,,,2005-08-17,0.01,0.01,0,0,pre-market
2005-04-30,,,,,,,,,,,,,,,,,,,,,,,,,,,,,,,,,,,,,,,,,,,,,,,,,,,,,,,,,,,,,,,,,,,,,,,,,,,,,,,,,,,,,,,,,,,2005-05-18,0.01,0.01,0,0,pre-market
2005-01-31,,,,,,,,,,,,,,,,,,,,,,,,,,,,,,,,,,,,,,,,,,,,,,,,,,,,,,,,,,,,,,,,,,,,,,,,,,,,,,,,,,,,,,,,,,,2005-02-17,0.01,None,None,None,pre-market
2004-10-31,,,,,,,,,,,,,,,,,,,,,,,,,,,,,,,,,,,,,,,,,,,,,,,,,,,,,,,,,,,,,,,,,,,,,,,,,,,,,,,,,,,,,,,,,,,2004-11-17,0.0046,None,None,None,pre-market
2004-07-31,,,,,,,,,,,,,,,,,,,,,,,,,,,,,,,,,,,,,,,,,,,,,,,,,,,,,,,,,,,,,,,,,,,,,,,,,,,,,,,,,,,,,,,,,,,2004-08-19,0.0027,None,None,None,pre-market
