fiscalDateEnding,reportedCurrency_x,grossProfit,totalRevenue,costOfRevenue,costofGoodsAndServicesSold,operatingIncome,sellingGeneralAndAdministrative,researchAndDevelopment,operatingExpenses,investmentIncomeNet,netInterestIncome,interestIncome,interestExpense,nonInterestIncome,otherNonOperatingIncome,depreciation,depreciationAndAmortization,incomeBeforeTax,incomeTaxExpense,interestAndDebtExpense,netIncomeFromContinuingOperations,comprehensiveIncomeNetOfTax,ebit,ebitda,netIncome_x,reportedCurrency_y,totalAssets,totalCurrentAssets,cashAndCashEquivalentsAtCarryingValue,cashAndShortTermInvestments,inventory,currentNetReceivables,totalNonCurrentAssets,propertyPlantEquipment,accumulatedDepreciationAmortizationPPE,intangibleAssets,intangibleAssetsExcludingGoodwill,goodwill,investments,longTermInvestments,shortTermInvestments,otherCurrentAssets,otherNonCurrentAssets,totalLiabilities,totalCurrentLiabilities,currentAccountsPayable,deferredRevenue,currentDebt,shortTermDebt,totalNonCurrentLiabilities,capitalLeaseObligations,longTermDebt,currentLongTermDebt,longTermDebtNoncurrent,shortLongTermDebtTotal,otherCurrentLiabilities,otherNonCurrentLiabilities,totalShareholderEquity,treasuryStock,retainedEarnings,commonStock,commonStockSharesOutstanding,reportedCurrency,operatingCashflow,paymentsForOperatingActivities,proceedsFromOperatingActivities,changeInOperatingLiabilities,changeInOperatingAssets,depreciationDepletionAndAmortization,capitalExpenditures,changeInReceivables,changeInInventory,profitLoss,cashflowFromInvestment,cashflowFromFinancing,proceedsFromRepaymentsOfShortTermDebt,paymentsForRepurchaseOfCommonStock,paymentsForRepurchaseOfEquity,paymentsForRepurchaseOfPreferredStock,dividendPayout,dividendPayoutCommonStock,dividendPayoutPreferredStock,proceedsFromIssuanceOfCommonStock,proceedsFromIssuanceOfLongTermDebtAndCapitalSecuritiesNet,proceedsFromIssuanceOfPreferredStock,proceedsFromRepurchaseOfEquity,proceedsFromSaleOfTreasuryStock,changeInCashAndCashEquivalents,changeInExchangeRate,netIncome_y,reportedDate,reportedEPS,estimatedEPS,surprise,surprisePercentage,reportTime
2024-02-29,USD,8932000000,12345000000,3413000000,3869000000,3750000000,2419000000,2248000000,5661000000,111000000,-876000000,111000000,876000000,13221000000,84000000,808000000,749000000,2865000000,464000000,876000000,3387000000,2362000000,3741000000,4490000000,2401000000,USD,137082000000,21063000000,9481000000,9904000000,None,7297000000,116019000000,19117000000,None,69851000000,7629000000,62222000000,423000000,None,423000000,3862000000,14363000000,131459000000,24885000000,1658000000,20392000000,5510000000,5510000000,106015000000,None,87980000000,5510000000,82470000000,87980000000,6990000000,8611000000,5623000000,None,-24533000000,31622000000,2747000000,USD,5475000000,105000000,None,1273000000,398000000,749000000,1674000000,554000000,909000000,3387000000,-1783000000,-2463000000,-813000000,450000000,450000000,None,1099000000,1099000000,None,28000000,0,None,-422000000,None,None,None,2401000000,2024-03-11,1.41,1.38,0.03,2.1739,post-market
2023-11-30,USD,8668000000,12021000000,3353000000,3740000000,3622000000,2468000000,2226000000,5579000000,133000000,-888000000,133000000,888000000,12909000000,5000000,798000000,755000000,2720000000,217000000,888000000,3464000000,2573000000,3608000000,4363000000,2503000000,USD,134324000000,19289000000,8244000000,8690000000,None,6804000000,115035000000,18009000000,None,70609000000,8378000000,62231000000,446000000,None,446000000,3795000000,13659000000,130458000000,24407000000,1107000000,20258000000,6321000000,6321000000,105539000000,None,88789000000,6321000000,82468000000,88789000000,6395000000,7781000000,3866000000,None,-25431000000,30724000000,2748000000,USD,143000000,79000000,None,-4369000000,203000000,755000000,1080000000,235000000,-1578000000,3464000000,-1249000000,-2289000000,2311000000,450000000,450000000,None,1099000000,1099000000,None,118000000,0,None,-332000000,None,None,None,2503000000,2023-12-11,1.34,1.32,0.02,1.5152,post-market
2023-08-31,USD,8168000000,11499000000,3331000000,3610000000,3296000000,2419000000,2216000000,5547000000,136000000,-872000000,136000000,872000000,12371000000,52000000,712000000,763000000,2375000000,-45000000,872000000,3411000000,2445000000,3247000000,4010000000,2420000000,USD,136662000000,22166000000,11613000000,12083000000,None,6519000000,114496000000,17644000000,None,71280000000,9074000000,62206000000,470000000,None,470000000,3564000000,13329000000,134292000000,25357000000,1034000000,24532000000,4499000000,4499000000,108464000000,None,88941000000,4499000000,84442000000,88941000000,6886000000,7540000000,2370000000,None,-26428000000,30295000000,2739000000,USD,6974000000,107000000,None,1929000000,-649000000,1475000000,1314000000,-380000000,338000000,3411000000,-1562000000,-3528000000,-562000000,150000000,150000000,None,1091000000,1091000000,None,308000000,0,None,158000000,None,None,None,2420000000,2023-09-11,1.19,1.15,0.04,3.4783,post-market
2023-05-31,USD,12827000000,16567000000,3740000000,3730000000,4140000000,2689000000,2226000000,5966000000,105000000,-955000000,105000000,955000000,13768000000,10000000,716000000,870000000,3109000000,-210000000,955000000,4387000000,3491000000,4064000000,4934000000,3319000000,USD,134384000000,21004000000,9765000000,10187000000,298000000,6915000000,113380000000,17069000000,11605000000,72098000000,9837000000,62261000000,2162000000,None,422000000,3902000000,11987000000,133311000000,23090000000,1204000000,19876000000,4061000000,4061000000,109738000000,None,358361000000,4061000000,86420000000,90481000000,6802000000,6469000000,1073000000,None,-27620000000,30215000000,2713000000,USD,5647000000,7261000000,None,1327000000,809000000,1586000000,1913000000,611000000,None,633000000,-1612000000,-2440000000,-1374000000,150000000,150000000,None,1082000000,1082000000,None,433000000,0,None,1283000000,None,1595000000,None,3319000000,2023-06-12,1.67,1.58,0.09,5.6962,post-market
2023-02-28,USD,7882000000,11435000000,3553000000,3439000000,3260000000,2552000000,2146000000,5699000000,90000000,-908000000,90000000,908000000,12343000000,-6000000,672000000,886000000,2218000000,322000000,908000000,2900000000,1979000000,3126000000,4012000000,1896000000,USD,131620000000,18696000000,8219000000,8769000000,None,6213000000,112924000000,16345000000,None,72206000000,10707000000,61499000000,550000000,None,550000000,3714000000,12220000000,134041000000,22880000000,1610000000,18776000000,5415000000,5415000000,110652000000,None,116177000000,5415000000,86396000000,116177000000,5521000000,6107000000,-2421000000,None,-29721000000,28994000000,2700000000,USD,4275000000,96000000,None,-237000000,-338000000,886000000,2628000000,56000000,None,2900000000,-2778000000,-105000000,-6000000,150000000,150000000,None,863000000,863000000,None,98000000,5214000000,None,-52000000,None,1392000000,None,1896000000,2023-03-09,1.22,1.2,0.02,1.6667,post-market
2022-11-30,USD,7676000000,11364000000,3688000000,3358000000,3071000000,2582000000,2158000000,5846000000,52000000,-856000000,52000000,856000000,12220000000,13000000,591000000,907000000,2144000000,403000000,856000000,2693000000,1929000000,3000000000,3907000000,1741000000,USD,128469000000,17561000000,6813000000,7350000000,None,6197000000,110908000000,14351000000,None,73106000000,11593000000,61513000000,537000000,None,537000000,4014000000,11360000000,132715000000,27106000000,1647000000,18956000000,9746000000,9746000000,105139000000,None,104853000000,9746000000,81173000000,104853000000,5228000000,5673000000,-4246000000,None,-30617000000,28148000000,2695000000,USD,849000000,110000000,None,-2756000000,168000000,907000000,2435000000,245000000,None,2693000000,-2658000000,-1855000000,0,448000000,448000000,None,863000000,863000000,None,146000000,8234000000,None,-302000000,None,-3664000000,None,1741000000,2022-12-12,1.21,1.18,0.03,2.5424,post-market
2022-08-31,USD,6895000000,10587000000,3692000000,3037000000,2623000000,2588000000,2093000000,5785000000,38000000,-787000000,38000000,787000000,11374000000,-23000000,547000000,919000000,1656000000,108000000,787000000,2444000000,1276000000,2443000000,3362000000,1548000000,USD,130309000000,21004000000,10448000000,11220000000,None,5937000000,109305000000,12280000000,None,74128000000,12499000000,61629000000,772000000,None,772000000,3847000000,10832000000,136184000000,34819000000,1461000000,22522000000,16097000000,16097000000,100939000000,None,91577000000,16097000000,75480000000,91577000000,4830000000,5638000000,-5875000000,None,-31134000000,27224000000,2696000000,USD,6394000000,104000000,None,2013000000,-805000000,1466000000,1719000000,-761000000,None,2444000000,-29436000000,12310000000,0,552000000,552000000,None,860000000,860000000,None,515000000,20046000000,None,-37000000,None,-10732000000,None,1548000000,2022-09-12,1.03,1.07,-0.04,-3.7383,post-market
2022-05-31,USD,42440000000,42440000000,2976000000,2396000000,4502000000,2600000000,1965000000,4941000000,38000000,-704000000,38000000,704000000,11750000000,-60000000,563000000,268000000,3624000000,435000000,704000000,42440000000,3175000000,4328000000,4596000000,3189000000,USD,109297000000,31633000000,21383000000,21902000000,314000000,5953000000,77664000000,9716000000,9958000000,45251000000,1440000000,43811000000,13362000000,None,519000000,3778000000,9915000000,115517000000,19511000000,1317000000,18220000000,3749000000,75859000000,95554000000,None,0,3749000000,72110000000,75859000000,4144000000,5203000000,-6220000000,None,-31336000000,26808000000,2665000000,USD,3985000000,6152000000,None,863000000,1586000000,831000000,1423000000,1526000000,586000000,1082000000,-1161000000,-4026000000,0,594000000,594000000,None,854000000,854000000,None,125000000,0,None,-150000000,None,42440000000,None,3189000000,2022-06-13,1.54,1.37,0.17,12.4088,post-market
2022-02-28,USD,7160000000,9817000000,2657000000,2218000000,3822000000,2339000000,1816000000,4473000000,16000000,-667000000,16000000,667000000,10484000000,-63000000,496000000,279000000,2840000000,521000000,667000000,3057000000,2257000000,3507000000,3786000000,2319000000,USD,108644000000,31675000000,22682000000,23389000000,None,4588000000,76969000000,8609000000,None,45521000000,1688000000,43833000000,707000000,None,707000000,3698000000,9730000000,117340000000,20833000000,1124000000,17228000000,6248000000,6248000000,96022000000,None,78413000000,6248000000,72165000000,78413000000,3964000000,5227000000,-8696000000,None,-33147000000,26129000000,2668000000,USD,3845000000,43000000,None,311000000,329000000,279000000,1101000000,137000000,None,3057000000,2432000000,-1579000000,0,653000000,653000000,None,855000000,855000000,None,52000000,0,None,-601000000,None,4083000000,None,2319000000,2022-03-10,1.13,1.18,-0.05,-4.2373,post-market
2021-11-30,USD,2364000000,9635000000,7271000000,2159000000,-824000000,2273000000,1754000000,9025000000,21000000,-679000000,21000000,679000000,10314000000,-6000000,459000000,299000000,-1496000000,-249000000,679000000,-480000000,-1467000000,-817000000,-518000000,-1247000000,USD,106897000000,31078000000,17938000000,22838000000,None,4462000000,75819000000,8029000000,None,45723000000,1881000000,43842000000,4900000000,None,4900000000,3778000000,8802000000,116998000000,18881000000,1034000000,17350000000,4998000000,4998000000,97674000000,None,78431000000,4998000000,73433000000,78431000000,3409000000,5342000000,-10101000000,None,-34076000000,25591000000,2671000000,USD,-3682000000,48000000,None,-2850000000,70000000,299000000,925000000,63000000,-635000000,-480000000,10730000000,-12053000000,0,7006000000,7006000000,None,861000000,861000000,None,157000000,0,None,-6849000000,None,552000000,None,-1247000000,2021-12-09,1.21,1.11,0.1,9.009,post-market
2021-08-31,USD,6474000000,8988000000,2514000000,2103000000,3427000000,2152000000,1684000000,4198000000,20000000,-705000000,20000000,705000000,9693000000,43000000,454000000,303000000,2681000000,224000000,705000000,3244000000,2236000000,3386000000,3689000000,2457000000,USD,122924000000,47117000000,23059000000,39310000000,None,4482000000,75807000000,7610000000,None,46043000000,2181000000,43862000000,16251000000,None,16251000000,3325000000,8763000000,124465000000,23071000000,749000000,21568000000,6748000000,6748000000,100983000000,None,82718000000,6748000000,75970000000,82718000000,4093000000,5050000000,-1541000000,None,-25679000000,25534000000,2743000000,USD,5391000000,68000000,None,552000000,-1122000000,757000000,1062000000,-852000000,49000000,3244000000,-781000000,-11468000000,0,7995000000,7995000000,None,887000000,887000000,None,148000000,0,None,-7847000000,None,-6858000000,None,2457000000,2021-09-13,1.03,0.97,0.06,6.1856,post-market
2021-05-31,USD,40479000000,40479000000,2849000000,2122000000,4541000000,2382000000,1715000000,4756000000,21000000,-697000000,21000000,697000000,11199000000,110000000,410000000,342000000,4156000000,124000000,697000000,40479000000,4012000000,4853000000,5195000000,4032000000,USD,131107000000,55567000000,30098000000,46554000000,142000000,5409000000,75540000000,7049000000,8751000000,46365000000,2430000000,43935000000,33445000000,None,16456000000,3604000000,8490000000,125869000000,24164000000,745000000,18908000000,8250000000,8250000000,100991000000,None,328938000000,8250000000,75995000000,84245000000,4377000000,4787000000,5238000000,None,-20120000000,26533000000,2814000000,USD,4842000000,6351000000,None,575000000,935000000,752000000,717000000,948000000,-1472000000,2202000000,-3911000000,6798000000,0,7976000000,7976000000,None,917000000,917000000,None,871000000,0,None,-5405000000,None,40479000000,None,4032000000,2021-06-15,1.54,1.31,0.23,17.5573,post-market
2021-02-28,USD,6811000000,9482000000,2671000000,1915000000,3878000000,2245000000,1621000000,4292000000,23000000,-585000000,23000000,585000000,10067000000,24000000,385000000,347000000,3276000000,-1745000000,585000000,5670000000,5152000000,3861000000,4208000000,5021000000,USD,118109000000,43744000000,22321000000,35864000000,-10000000,4637000000,74365000000,6816000000,None,46708000000,2754000000,43954000000,13543000000,None,13543000000,3243000000,7116000000,109209000000,20250000000,812000000,17516000000,5758000000,5758000000,88222000000,None,69299000000,5758000000,63541000000,69299000000,3908000000,4473000000,8900000000,None,-16206000000,26261000000,2895000000,USD,3704000000,72000000,None,-29000000,110000000,347000000,414000000,174000000,64000000,5670000000,-3384000000,-6129000000,0,3996000000,3996000000,None,699000000,699000000,None,143000000,0,None,-3853000000,None,6487000000,None,5021000000,2021-03-10,1.16,1.11,0.05,4.5045,post-market
2020-11-30,USD,6507000000,9184000000,2677000000,1939000000,3583000000,2160000000,1601000000,4278000000,27000000,-600000000,27000000,600000000,9784000000,21000000,386000000,345000000,2972000000,530000000,600000000,3101000000,2493000000,3572000000,3917000000,2442000000,USD,110014000000,46251000000,28001000000,38593000000,-17000000,4423000000,63763000000,6627000000,None,46938000000,3061000000,43877000000,10592000000,None,10592000000,3235000000,6797000000,102097000000,21347000000,724000000,17436000000,7251000000,7251000000,80051000000,None,70782000000,7251000000,63531000000,70782000000,3890000000,4306000000,7917000000,None,-17095000000,26298000000,2952000000,USD,1388000000,124000000,None,-2514000000,-351000000,345000000,568000000,-186000000,751000000,3101000000,3852000000,-4554000000,0,4017000000,4017000000,None,717000000,717000000,None,205000000,0,None,-3812000000,None,3889000000,None,2442000000,2020-12-10,1.06,1,0.06,6,post-market
2020-08-31,USD,6016000000,8703000000,2687000000,1880000000,3211000000,2149000000,1589000000,4276000000,31000000,-614000000,31000000,614000000,9317000000,55000000,356000000,345000000,2595000000,344000000,614000000,2953000000,2630000000,3209000000,3554000000,2251000000,USD,113546000000,49939000000,27276000000,42279000000,-24000000,4576000000,63607000000,6401000000,None,47272000000,3405000000,43867000000,15003000000,None,15003000000,3084000000,6782000000,104055000000,18748000000,534000000,21092000000,2997000000,2997000000,84658000000,None,70766000000,2997000000,67769000000,70766000000,3952000000,4199000000,9491000000,None,-15410000000,26238000000,3014000000,USD,5953000000,122000000,None,865000000,-1457000000,701000000,436000000,-1077000000,-206000000,2953000000,-9655000000,-6493000000,0,4945000000,4945000000,None,730000000,730000000,None,567000000,0,None,-4378000000,None,-10195000000,None,2251000000,2020-09-10,0.93,0.86,0.07,8.1395,post-market
2020-05-31,USD,39068000000,39068000000,2683000000,1969000000,4308000000,2237000000,1479000000,4407000000,70000000,-579000000,70000000,579000000,10381000000,4000000,357000000,365000000,3696000000,580000000,579000000,39068000000,3079000000,4275000000,4640000000,3116000000,USD,115438000000,52140000000,37239000000,43057000000,211000000,5551000000,63298000000,6244000000,7581000000,47507000000,3738000000,43769000000,30852000000,None,5818000000,3532000000,6295000000,103364000000,17200000000,637000000,17198000000,2371000000,2371000000,85521000000,None,284460000000,2371000000,69226000000,71597000000,4737000000,3791000000,12074000000,None,-12696000000,26486000000,3067000000,USD,3614000000,5422000000,None,1215000000,1689000000,722000000,433000000,1636000000,292000000,1622000000,-4256000000,14133000000,0,5305000000,5305000000,None,740000000,740000000,None,356000000,0,None,-3449000000,None,39068000000,None,3116000000,2020-06-16,1.2,1.15,0.05,4.3478,post-market
2020-02-29,USD,6493000000,9297000000,2804000000,1964000000,3528000000,2337000000,1500000000,4304000000,122000000,-456000000,122000000,456000000,9749000000,-43000000,348000000,400000000,3076000000,505000000,456000000,3102000000,2529000000,3532000000,3932000000,2571000000,USD,96704000000,33442000000,23829000000,25858000000,None,4162000000,63262000000,6248000000,None,47869000000,4088000000,43781000000,2029000000,None,2029000000,3422000000,6262000000,82469000000,15740000000,533000000,16834000000,2925000000,2355000000,66083000000,None,51675000000,2355000000,49320000000,51675000000,3721000000,3595000000,14235000000,None,-10771000000,26685000000,3161000000,USD,3012000000,224000000,None,-530000000,53000000,400000000,396000000,133000000,-709000000,3102000000,480000000,-4169000000,0,3939000000,3939000000,None,768000000,768000000,None,615000000,0,None,-3324000000,None,3747000000,None,2571000000,2020-03-12,0.97,0.96,0.01,1.0417,post-market
2019-11-30,USD,6275000000,9127000000,2852000000,2048000000,3183000000,2391000000,1531000000,4383000000,145000000,-465000000,145000000,465000000,9588000000,19000000,341000000,407000000,2810000000,499000000,465000000,2848000000,2245000000,3275000000,3682000000,2311000000,USD,98443000000,34540000000,24540000000,27444000000,None,4050000000,63903000000,6270000000,None,48302000000,4492000000,43810000000,2904000000,None,2904000000,3046000000,6580000000,82880000000,14592000000,534000000,17404000000,1583000000,999000000,67666000000,None,51669000000,999000000,50670000000,51669000000,3660000000,3954000000,15563000000,None,-9174000000,26374000000,3214000000,USD,513000000,156000000,None,-2674000000,77000000,407000000,349000000,234000000,278000000,2848000000,1233000000,-8294000000,0,4991000000,4991000000,None,767000000,767000000,None,301000000,0,None,-4690000000,None,3285000000,None,2311000000,2019-12-12,0.9,0.88,0.02,2.2727,post-market
2019-08-31,USD,5846000000,8673000000,2827000000,1957000000,2877000000,2310000000,1557000000,4384000000,190000000,-494000000,190000000,494000000,9163000000,4000000,336000000,414000000,2482000000,345000000,494000000,2726000000,2194000000,2976000000,3390000000,2137000000,USD,106229000000,42384000000,31083000000,35704000000,None,3820000000,63845000000,6264000000,None,48594000000,4861000000,43733000000,4621000000,17000000,4621000000,2860000000,6333000000,87796000000,18875000000,486000000,21478000000,4335000000,3748000000,68335000000,None,54440000000,3748000000,50692000000,54440000000,3291000000,4142000000,18433000000,None,-6446000000,26450000000,3296000000,USD,6000000000,279000000,None,827000000,-1794000000,750000000,386000000,-1313000000,360000000,2726000000,12386000000,-7802000000,0,5005000000,5005000000,None,795000000,795000000,None,316000000,0,None,-4689000000,None,10584000000,None,2137000000,2019-09-11,0.81,0.81,0,0,post-market
2019-05-31,USD,39506000000,39506000000,3255000000,2063000000,4257000000,2648000000,1562000000,5007000000,202000000,-525000000,202000000,525000000,11094000000,21000000,330000000,424000000,3866000000,126000000,525000000,39506000000,3846000000,4391000000,4815000000,3740000000,USD,108709000000,46386000000,20514000000,37827000000,320000000,5134000000,62323000000,6252000000,6823000000,49058000000,5279000000,43779000000,27942000000,5000000,17313000000,3425000000,4317000000,86924000000,18630000000,580000000,18086000000,4494000000,4494000000,67716000000,None,216101000000,4494000000,51673000000,56167000000,3554000000,2748000000,21785000000,None,-3496000000,26909000000,3359000000,USD,4422000000,5065000000,None,1066000000,1285000000,754000000,413000000,1378000000,93000000,2161000000,7906000000,-6461000000,0,6253000000,6253000000,None,806000000,806000000,None,687000000,0,None,-3566000000,None,39506000000,None,3740000000,2019-06-19,1.16,1.07,0.09,8.4112,post-market
2019-02-28,USD,6279000000,9092000000,2813000000,1976000000,3399000000,2367000000,1426000000,4239000000,246000000,-509000000,246000000,509000000,9601000000,0,334000000,407000000,3088000000,343000000,509000000,3302000000,2976000000,3597000000,4004000000,2745000000,USD,109438000000,47617000000,14720000000,40030000000,None,3993000000,61821000000,6197000000,None,49454000000,5678000000,43776000000,25310000000,None,25310000000,3594000000,4137000000,85724000000,17986000000,603000000,None,4487000000,4487000000,67214000000,None,51672000000,4487000000,51672000000,51672000000,3631000000,2334000000,23714000000,None,-1284000000,26732000000,3443000000,USD,2861000000,89000000,None,-396000000,169000000,407000000,443000000,10000000,-159000000,3302000000,13199000000,-12239000000,0,9963000000,9963000000,None,593000000,670000000,None,450000000,0,None,-9513000000,None,4003000000,None,2745000000,2019-03-14,0.87,0.84,0.03,3.5714,post-market
2018-11-30,USD,6036000000,9021000000,2985000000,2001000000,3101000000,2400000000,1475000000,4460000000,296000000,-519000000,None,519000000,9540000000,-50000000,280000000,424000000,2774000000,441000000,519000000,2906000000,2134000000,3293000000,3717000000,2333000000,USD,118318000000,56938000000,10824000000,49391000000,None,3975000000,61380000000,6003000000,None,49881000000,6103000000,43778000000,38567000000,None,38567000000,3572000000,4014000000,87746000000,20315000000,587000000,None,6477000000,6477000000,66948000000,None,51561000000,6497000000,51561000000,51561000000,3560000000,2386000000,30572000000,None,5107000000,27430000000,3632000000,USD,546000000,105000000,None,-358000000,256000000,424000000,421000000,274000000,18000000,2906000000,1920000000,-10023000000,0,9957000000,9957000000,None,755000000,714000000,None,727000000,0,None,-9230000000,None,3518000000,None,2333000000,2018-12-17,0.8,0.78,0.02,2.5641,post-market
2018-08-31,USD,5458000000,8630000000,2898000000,1953000000,2778000000,2360000000,1564000000,4462000000,348000000,-529000000,None,529000000,9159000000,16000000,286000000,434000000,2540000000,275000000,529000000,2265000000,2188000000,3069000000,3503000000,2265000000,USD,128358000000,67009000000,18455000000,18455000000,None,3729000000,61349000000,5918000000,None,49997000000,6295000000,43702000000,None,16000000,41639000000,3186000000,4001000000,90291000000,19562000000,527000000,None,3743000000,3743000000,70232000000,None,54386000000,3747000000,54386000000,54386000000,3522000000,2333000000,38067000000,None,12022000000,27811000000,3811000000,USD,6722000000,144000000,None,-561000000,-1699000000,720000000,383000000,-1390000000,309000000,2265000000,3532000000,-13333000000,0,9967000000,9967000000,None,778000000,742000000,None,291000000,0,None,-9676000000,None,-3165000000,-86000000,2265000000,2018-09-17,0.71,0.69,0.02,2.8986,post-market
2018-05-31,USD,6994000000,39383000000,32389000000,754000000,4161000000,2632000000,1543000000,4839000000,352000000,-548000000,None,548000000,-28000000,-5000000,287000000,415000000,3907000000,631000000,548000000,39383000000,2918000000,4455000000,4870000000,3276000000,USD,137851000000,76159000000,21620000000,67261000000,398000000,5279000000,61692000000,5897000000,5911000000,50425000000,6670000000,43755000000,52449000000,29000000,45641000000,3424000000,3975000000,91479000000,19124000000,529000000,9054000000,4491000000,4491000000,71854000000,None,291828000000,4498000000,56128000000,60619000000,3957000000,2297000000,46372000000,None,19111000000,28950000000,3997000000,USD,4660000000,3591000000,None,1029000000,1758000000,702000000,378000000,1601000000,-157000000,3304000000,3160000000,-5459000000,0,4926000000,4926000000,None,778000000,778000000,None,286000000,0,None,-2340000000,None,2133000000,-228000000,3276000000,2018-06-19,0.99,0.94,0.05,5.3191,post-market
2018-02-28,USD,5968000000,9771000000,3803000000,712000000,3315000000,2373000000,1496000000,4359000000,313000000,-533000000,None,533000000,-35000000,168000000,305000000,394000000,3191000000,7238000000,533000000,-4061000000,-4429000000,3724000000,4118000000,-4047000000,USD,138201000000,77732000000,19487000000,70455000000,496000000,3902000000,60469000000,5904000000,None,49365000000,6400000000,42965000000,None,None,50968000000,2879000000,3385000000,90412000000,17968000000,603000000,8610000000,4491000000,4491000000,71961000000,None,137014000000,4498000000,56224000000,137014000000,3373000000,2441000000,47789000000,None,20037000000,29048000000,4093000000,USD,3310000000,111000000,None,-157000000,167000000,394000000,286000000,45000000,60000000,-4024000000,-1257000000,-4020000000,0,3967000000,3967000000,None,783000000,783000000,None,763000000,0,None,-3204000000,None,-1823000000,144000000,-4047000000,2018-03-19,0.83,0.72,0.11,15.2778,post-market
2017-11-30,USD,5818000000,9621000000,3803000000,720000000,3039000000,2403000000,1473000000,4587000000,279000000,-475000000,None,475000000,-7000000,15000000,288000000,400000000,2826000000,612000000,475000000,2205000000,2026000000,3301000000,3701000000,2214000000,USD,138762000000,78545000000,21310000000,71580000000,436000000,3798000000,60217000000,5868000000,None,49758000000,6794000000,42964000000,None,None,50270000000,2731000000,3369000000,82894000000,15494000000,554000000,8673000000,2499000000,2499000000,66968000000,None,138960000000,2499000000,58170000000,138960000000,2865000000,2716000000,55868000000,None,28296000000,28474000000,4143000000,USD,850000000,185000000,None,-1685000000,764000000,400000000,599000000,223000000,124000000,2233000000,-5710000000,4938000000,0,1952000000,1952000000,None,791000000,791000000,None,339000000,0,None,-1613000000,None,-11000000,-89000000,2214000000,2017-12-14,0.7,0.68,0.02,2.9412,post-market
2017-08-31,USD,5432000000,9187000000,3755000000,702000000,2749000000,2312000000,1572000000,4433000000,257000000,-469000000,None,469000000,-4000000,13000000,285000000,411000000,2500000000,356000000,469000000,2163000000,2243000000,2969000000,3380000000,2144000000,USD,133597000000,73335000000,21321000000,66897000000,312000000,3591000000,60262000000,5586000000,None,50206000000,7186000000,43020000000,None,None,45576000000,2535000000,3289000000,77638000000,20226000000,593000000,10922000000,4998000000,4998000000,57005000000,None,101393000000,53397000000,48293000000,101393000000,2849000000,2821000000,55959000000,None,28586000000,28089000000,4171000000,USD,6566000000,156000000,None,723000000,-2296000000,696000000,473000000,-1752000000,11000000,2210000000,-1818000000,-5441000000,0,502000000,502000000,None,822000000,788000000,None,1014000000,0,None,512000000,None,-463000000,230000000,2144000000,2017-09-14,0.62,0.6,0.02,3.3333,post-market
2017-05-31,USD,6815000000,10957000000,4142000000,728000000,4277000000,2631000000,1602000000,4945000000,224000000,-481000000,None,481000000,3000000,-25000000,278000000,441000000,3924000000,575000000,481000000,3209000000,3348000000,4405000000,4846000000,3349000000,USD,134991000000,74515000000,21784000000,66078000000,300000000,5300000000,60476000000,5315000000,4979000000,50724000000,7679000000,43045000000,49973000000,40000000,44294000000,2837000000,3294000000,81131000000,24178000000,599000000,8835000000,9797000000,9797000000,56567000000,None,266238000000,9797000000,48112000000,57909000000,3583000000,2774000000,53860000000,None,27598000000,27065000000,4137000000,USD,-4110000000,3722000000,236000000,1690000000,1809000000,719000000,525000000,1655000000,-90000000,3467000000,-5846000000,3287000000,0,494000000,494000000,None,845000000,787000000,None,872000000,0,None,378000000,None,2036000000,129000000,3349000000,2017-06-21,0.89,0.78,0.11,14.1026,post-market
2017-02-28,USD,5582000000,9205000000,3623000000,680000000,2959000000,2245000000,1521000000,4354000000,197000000,-450000000,None,450000000,-94000000,32000000,259000000,397000000,2698000000,459000000,450000000,2219000000,2239000000,3148000000,3545000000,2239000000,USD,125382000000,66011000000,19748000000,59352000000,391000000,3721000000,59371000000,5070000000,None,50292000000,7788000000,42504000000,None,None,39604000000,2547000000,3091000000,74767000000,15790000000,481000000,7948000000,3498000000,3498000000,58569000000,None,132343000000,3498000000,50469000000,132343000000,2907000000,2938000000,50615000000,None,25576000000,25970000000,4115000000,USD,2610000000,135000000,129000000,-485000000,82000000,397000000,440000000,7000000,62000000,2239000000,296000000,-940000000,0,498000000,498000000,None,612000000,612000000,None,563000000,0,None,65000000,None,1156000000,125000000,2239000000,2017-03-15,0.69,0.62,0.07,11.2903,post-market
2016-11-30,USD,5508000000,9035000000,3527000000,697000000,3037000000,2263000000,1510000000,4201000000,204000000,-451000000,None,451000000,-54000000,5000000,241000000,302000000,2685000000,653000000,451000000,1991000000,2032000000,3136000000,3438000000,2032000000,USD,123600000000,64734000000,18592000000,58206000000,327000000,3690000000,58866000000,4882000000,None,50051000000,7968000000,42083000000,None,None,39614000000,2511000000,3038000000,75138000000,16347000000,615000000,7930000000,3838000000,3838000000,58408000000,None,132559000000,3838000000,50489000000,132559000000,2997000000,2820000000,48462000000,None,24375000000,25159000000,4103000000,USD,2359000000,194000000,34000000,-1455000000,468000000,302000000,757000000,313000000,41000000,2032000000,121000000,-973000000,0,567000000,567000000,None,647000000,614000000,None,259000000,0,None,-308000000,None,-10022000000,-418000000,2032000000,2016-12-15,0.61,0.6,0.01,1.6667,post-market
2016-08-31,USD,5110000000,8595000000,3485000000,695000000,2641000000,2234000000,1520000000,4016000000,177000000,-416000000,None,416000000,-7000000,19000000,222000000,136000000,2373000000,541000000,416000000,1797000000,2115000000,2789000000,2925000000,1832000000,USD,123223000000,74451000000,28614000000,68396000000,286000000,3407000000,48772000000,4108000000,None,21598000000,5091000000,16507000000,None,None,39782000000,2362000000,3081000000,75788000000,15142000000,551000000,9990000000,999000000,999000000,60249000000,None,135023000000,999000000,53057000000,135023000000,2711000000,2161000000,47435000000,None,23380000000,24588000000,4106000000,USD,11267000000,22000000,215000000,748000000,-2353000000,358000000,299000000,-1993000000,75000000,1832000000,-5203000000,7712000000,0,2002000000,2002000000,None,785000000,618000000,None,487000000,0,None,-1515000000,None,8462000000,78000000,1832000000,2016-09-15,0.55,0.58,-0.03,-5.1724,post-market
2016-05-31,USD,6541000000,10594000000,4053000000,693000000,3968000000,2629000000,1534000000,4820000000,156000000,-362000000,None,362000000,-108000000,33000000,228000000,355000000,3732000000,918000000,362000000,2793000000,2930000000,4094000000,4449000000,2814000000,USD,112180000000,64313000000,20152000000,56125000000,212000000,5385000000,47867000000,4000000000,4096000000,39533000000,4943000000,34590000000,41393000000,122000000,35973000000,2591000000,3043000000,64891000000,17208000000,504000000,8191000000,3750000000,0,47182000000,None,168179000000,3750000000,40105000000,43855000000,3333000000,2169000000,47289000000,None,23888000000,24217000000,4131000000,USD,-4804000000,4094000000,123000000,1529000000,1834000000,583000000,180000000,1650000000,-1000000,2930000000,-1128000000,1709000000,0,1973000000,1973000000,None,623000000,623000000,None,623000000,0,None,-1350000000,None,4569000000,134000000,2814000000,2016-06-16,0.81,0.81,0,0,post-market
2016-02-29,USD,5445000000,9012000000,3567000000,657000000,3027000000,2193000000,1419000000,4146000000,141000000,-360000000,None,360000000,78000000,-25000000,214000000,408000000,2732000000,590000000,360000000,2106000000,2142000000,3092000000,3500000000,2142000000,USD,104894000000,57069000000,15583000000,50767000000,212000000,3844000000,47825000000,4011000000,None,39533000000,5249000000,34284000000,None,None,35184000000,2246000000,2899000000,59024000000,11825000000,410000000,7397000000,None,1536000000,46733000000,None,80206000000,None,40106000000,80206000000,2967000000,2209000000,45870000000,None,23390000000,23526000000,4156000000,USD,2402000000,83000000,41000000,81000000,-114000000,408000000,368000000,-132000000,-26000000,2142000000,304000000,-4663000000,0,2209000000,2209000000,None,632000000,632000000,None,162000000,0,None,-2047000000,None,-1828000000,49000000,2142000000,2016-03-15,0.64,0.62,0.02,3.2258,post-market
2015-11-30,USD,5373000000,8993000000,3620000000,690000000,2955000000,2230000000,1444000000,4185000000,123000000,-371000000,None,371000000,-55000000,18000000,210000000,423000000,2668000000,471000000,371000000,2168000000,2197000000,3039000000,3462000000,2197000000,USD,106483000000,58618000000,17411000000,52335000000,238000000,3956000000,47865000000,3855000000,None,39770000000,5599000000,34171000000,None,None,34924000000,2089000000,2899000000,60559000000,13754000000,415000000,7461000000,2000000000,2000000000,46397000000,None,81840000000,None,39940000000,81840000000,2744000000,2184000000,45924000000,None,23737000000,23426000000,4208000000,USD,2451000000,95000000,45000000,-1665000000,765000000,423000000,195000000,536000000,-11000000,2197000000,228000000,-3756000000,0,3412000000,3412000000,None,696000000,636000000,None,None,0,None,-3068000000,None,672000000,-206000000,2197000000,2015-12-16,0.63,0.6,0.03,5,post-market
2015-08-31,USD,5058000000,570000000,-4488000000,711000000,2654000000,1988000000,1390000000,3944000000,117000000,-374000000,None,374000000,72000000,-32000000,219000000,452000000,2310000000,563000000,374000000,1717000000,1604000000,2684000000,3136000000,1747000000,USD,109706000000,62122000000,16739000000,55930000000,251000000,3475000000,47584000000,3896000000,None,40088000000,5955000000,34133000000,None,None,39191000000,1795000000,2811000000,62609000000,15391000000,422000000,9603000000,2000000000,2000000000,46777000000,None,82050000000,None,40050000000,82050000000,2507000000,2319000000,47097000000,None,24964000000,23272000000,4282000000,USD,11455000000,89000000,102000000,718000000,-2579000000,671000000,446000000,-2150000000,-50000000,1747000000,-7471000000,-3270000000,0,2846000000,2846000000,None,675000000,650000000,None,None,0,None,-2550000000,None,-4977000000,-92000000,1747000000,2015-09-16,0.53,0.52,0.01,1.9231,post-market
2015-05-31,USD,6432000000,10706000000,4171000000,750000000,3982000000,2490000000,1436000000,4913000000,99000000,-326000000,None,326000000,-41000000,7000000,210000000,507000000,3697000000,940000000,326000000,2744000000,2870000000,4023000000,4530000000,2757000000,USD,110903000000,62520000000,21716000000,54368000000,314000000,5618000000,48383000000,3686000000,3609000000,40493000000,6406000000,34087000000,38715000000,74000000,32652000000,2220000000,2746000000,62240000000,15206000000,806000000,7638000000,1999000000,0,46599000000,None,124425000000,1999000000,39959000000,41958000000,3317000000,2254000000,48663000000,None,26503000000,23156000000,4343000000,USD,7844000000,4206000000,112000000,2402000000,2426000000,717000000,597000000,1659000000,18000000,2870000000,-3724000000,7668000000,0,2008000000,2008000000,None,655000000,655000000,None,None,0,None,-1651000000,None,8015000000,-212000000,2757000000,2015-06-17,0.78,0.86,-0.08,-9.3023,post-market
2015-02-28,USD,5929000000,9327000000,3398000000,724000000,3383000000,2091000000,1370000000,4044000000,82000000,-273000000,None,273000000,-18000000,7000000,178000000,527000000,3150000000,655000000,273000000,2478000000,2495000000,3423000000,3950000000,2495000000,USD,98816000000,51294000000,13701000000,43777000000,285000000,4178000000,47522000000,3335000000,None,41170000000,6842000000,34328000000,None,None,30076000000,2123000000,2343000000,50721000000,13792000000,626000000,6878000000,1999000000,1999000000,36492000000,None,62558000000,None,30258000000,62558000000,2842000000,1937000000,48095000000,None,26165000000,22694000000,4373000000,USD,2729000000,150000000,148000000,-409000000,115000000,527000000,368000000,-54000000,92000000,2495000000,415000000,-1884000000,0,1992000000,1992000000,None,530000000,530000000,None,None,0,None,-1447000000,None,-2452000000,-417000000,2495000000,2015-03-17,0.68,0.68,0,0,post-market
2014-11-30,USD,6066000000,9598000000,3532000000,764000000,3542000000,2169000000,1389000000,4157000000,79000000,-282000000,None,282000000,34000000,-1000000,164000000,568000000,3269000000,767000000,282000000,2465000000,2502000000,3551000000,4119000000,2502000000,USD,98305000000,52040000000,16153000000,44733000000,208000000,4326000000,46265000000,3169000000,None,40550000000,7167000000,33383000000,None,None,28580000000,1866000000,2119000000,50762000000,11985000000,490000000,7224000000,None,1986000000,38358000000,None,64956000000,None,32456000000,64956000000,2693000000,1671000000,47543000000,None,25972000000,22039000000,4398000000,USD,2743000000,85000000,40000000,-1819000000,525000000,568000000,225000000,693000000,-4000000,2502000000,197000000,-2454000000,0,2087000000,2087000000,None,702000000,533000000,None,None,0,None,-1775000000,None,-8026000000,-425000000,2502000000,2014-12-17,0.69,0.68,0.01,1.4706,post-market
2014-08-31,USD,5282000000,8596000000,3314000000,691000000,2963000000,1982000000,1329000000,3952000000,89000000,-261000000,None,261000000,-72000000,14000000,160000000,547000000,2718000000,534000000,261000000,2138000000,2184000000,2979000000,3526000000,2184000000,USD,99726000000,58194000000,24179000000,51616000000,179000000,3551000000,41532000000,3086000000,None,35312000000,5605000000,29707000000,None,None,27437000000,2015000000,2218000000,52372000000,13377000000,423000000,9403000000,None,1916000000,38418000000,None,65167000000,None,32567000000,65167000000,2099000000,1703000000,47354000000,None,25838000000,21709000000,4438000000,USD,12875000000,124000000,96000000,728000000,-2791000000,707000000,201000000,-2506000000,-10000000,2184000000,-6700000000,6520000000,0,2000000000,2000000000,None,564000000,537000000,None,None,0,None,-1412000000,None,6410000000,-138000000,2184000000,2014-09-18,0.62,0.64,-0.02,-3.125,post-market
2014-05-31,USD,7971000000,11320000000,3349000000,493000000,4909000000,2231000000,1348000000,4631000000,74000000,-240000000,None,240000000,-214000000,17000000,156000000,568000000,4588000000,942000000,240000000,3623000000,3571000000,4828000000,5396000000,3646000000,USD,90266000000,48128000000,17769000000,38819000000,189000000,6087000000,42138000000,3061000000,3178000000,35789000000,6137000000,29652000000,24626000000,None,21050000000,2119000000,2451000000,43388000000,14389000000,471000000,7673000000,1508000000,0,28430000000,None,24200000000,24097000000,22667000000,46867000000,2785000000,1657000000,46878000000,None,25965000000,21077000000,4464000000,USD,4456000000,3807000000,192000000,1472000000,2269000000,724000000,154000000,1982000000,-37000000,3744000000,-1607000000,-1806000000,0,1972000000,1972000000,None,538000000,538000000,None,None,0,None,-1356000000,None,937000000,-106000000,3646000000,2014-06-19,0.92,0.95,-0.03,-3.1579,pre-market
2014-02-28,USD,5731000000,9307000000,3576000000,804000000,3567000000,2179000000,1292000000,4287000000,67000000,-228000000,None,228000000,-143000000,14000000,150000000,560000000,3249000000,684000000,228000000,2542000000,2565000000,3477000000,4037000000,2565000000,USD,86562000000,44404000000,16832000000,37225000000,227000000,4071000000,42158000000,3052000000,None,35880000000,6558000000,29322000000,None,None,20393000000,1869000000,2506000000,41855000000,13092000000,396000000,6825000000,1516000000,1516000000,28235000000,None,24200000000,None,22677000000,24193000000,2686000000,1503000000,44707000000,None,24606000000,20336000000,4483000000,USD,2763000000,146000000,159000000,-282000000,42000000,560000000,147000000,-17000000,-7000000,2565000000,529000000,-1736000000,0,2040000000,2040000000,None,541000000,541000000,None,None,0,None,-1286000000,None,1938000000,-51000000,2565000000,2014-03-18,0.68,0.7,-0.02,-2.8571,pre-market
2013-11-30,USD,5551000000,9275000000,3724000000,851000000,3410000000,2227000000,1273000000,4453000000,65000000,-230000000,None,230000000,-121000000,37000000,152000000,577000000,3203000000,650000000,230000000,2518000000,2553000000,3433000000,4010000000,2553000000,USD,85238000000,44252000000,14894000000,36974000000,234000000,4192000000,40986000000,3039000000,None,34790000000,6521000000,28269000000,None,None,22080000000,1889000000,2397000000,41675000000,13110000000,408000000,7011000000,1525000000,1525000000,28062000000,None,24200000000,None,22641000000,24166000000,2401000000,1471000000,43563000000,None,24386000000,19403000000,4506000000,USD,2736000000,101000000,62000000,-1418000000,829000000,577000000,126000000,718000000,-8000000,2553000000,216000000,-2867000000,0,2833000000,2833000000,None,545000000,545000000,None,None,0,None,-2353000000,None,-4770000000,80000000,2553000000,2013-12-18,0.69,0.67,0.02,2.9851,pre-market
2013-08-31,USD,4937000000,8372000000,3435000000,806000000,2873000000,1968000000,1237000000,4083000000,57000000,-217000000,None,217000000,-35000000,2000000,150000000,595000000,2663000000,472000000,217000000,2174000000,2191000000,2880000000,3475000000,2191000000,USD,86406000000,45457000000,19664000000,39104000000,243000000,3450000000,40949000000,3052000000,None,34879000000,6914000000,27965000000,None,None,19440000000,1723000000,2296000000,42865000000,14526000000,367000000,8871000000,1533000000,1533000000,27894000000,None,24100000000,None,22575000000,24108000000,2106000000,1459000000,43541000000,None,24830000000,19055000000,4569000000,USD,6292000000,117000000,67000000,448000000,-3078000000,745000000,153000000,-2707000000,-5000000,2191000000,-3501000000,2341000000,0,2968000000,2968000000,None,582000000,554000000,None,None,0,None,-2683000000,None,5051000000,-81000000,2191000000,2013-09-18,0.59,0.56,0.03,5.3571,pre-market
2013-05-31,USD,7213000000,10947000000,3734000000,879000000,5000000000,2482000000,1264000000,4446000000,57000000,-209000000,None,209000000,-12000000,9000000,146000000,596000000,4826000000,1020000000,209000000,1323000000,3504000000,5035000000,5631000000,3806000000,USD,81812000000,41692000000,14613000000,32216000000,240000000,6049000000,40120000000,3053000000,2703000000,33983000000,6640000000,27343000000,18978000000,None,17603000000,2213000000,2318000000,37164000000,12872000000,419000000,7430000000,None,0,23795000000,None,55494000000,None,18494000000,55494000000,2573000000,1402000000,44648000000,None,25854000000,18893000000,4646000000,USD,4564000000,3446000000,38000000,1328000000,2334000000,742000000,183000000,2002000000,18000000,1485000000,-2229000000,-3626000000,0,2817000000,2817000000,None,0,0,None,None,0,None,-2590000000,None,-1488000000,-197000000,3806000000,2013-06-20,0.87,0.87,0,0,pre-market
2013-02-28,USD,5382000000,8958000000,3576000000,854000000,3334000000,2062000000,1186000000,4113000000,62000000,-205000000,None,205000000,-87000000,15000000,139000000,586000000,3090000000,586000000,205000000,3266000000,2436000000,3295000000,3881000000,2504000000,USD,79450000000,40686000000,16101000000,33407000000,211000000,4169000000,38764000000,3034000000,None,32764000000,6662000000,26102000000,None,None,17306000000,2070000000,2315000000,36102000000,11916000000,361000000,6583000000,1250000000,1250000000,23744000000,None,38302000000,None,18502000000,38302000000,2470000000,1467000000,43348000000,None,24549000000,18645000000,4719000000,USD,3194000000,125000000,193000000,-332000000,-155000000,586000000,116000000,-231000000,-48000000,3295000000,-665000000,-2309000000,0,2132000000,2132000000,None,850000000,850000000,None,None,0,None,-1584000000,None,189000000,-31000000,2504000000,2013-03-20,0.65,0.66,-0.01,-1.5152,pre-market
2012-11-30,USD,5534000000,9094000000,3560000000,930000000,3471000000,2036000000,1199000000,4024000000,61000000,-195000000,None,195000000,-37000000,11000000,134000000,584000000,3280000000,699000000,195000000,3444000000,2492000000,3475000000,4059000000,2581000000,USD,79657000000,41129000000,15912000000,33695000000,164000000,4401000000,38528000000,3093000000,None,32331000000,6873000000,25458000000,None,None,17783000000,1976000000,2322000000,36674000000,12347000000,372000000,6815000000,1250000000,1250000000,23900000000,None,38307000000,None,18507000000,38307000000,2675000000,1487000000,42983000000,None,24746000000,18015000000,4748000000,USD,795000000,33000000,59000000,-1689000000,743000000,584000000,212000000,592000000,-10000000,3475000000,-2552000000,1955000000,0,2996000000,2996000000,None,291000000,291000000,None,None,0,None,-2761000000,None,245000000,47000000,2581000000,2012-12-18,0.64,0.61,0.03,4.918,pre-market
2012-08-31,USD,4971000000,8181000000,3210000000,884000000,2879000000,1820000000,1201000000,3715000000,57000000,-188000000,None,188000000,-26000000,13000000,127000000,619000000,2702000000,668000000,188000000,2793000000,2233000000,2890000000,3509000000,2034000000,USD,76558000000,38172000000,15667000000,31607000000,148000000,3775000000,38386000000,3037000000,None,32664000000,7376000000,25288000000,None,None,15940000000,1729000000,2138000000,33229000000,13955000000,388000000,8626000000,1250000000,1250000000,18867000000,None,28321000000,None,13521000000,28321000000,2529000000,1614000000,43329000000,None,25117000000,17901000000,4831000000000000,USD,5671000000,62000000,120000000,300000000,-2568000000,746000000,139000000,-2630000000,-10000000,2826000000,-510000000,-4520000000,0,3076000000,3076000000,None,323000000,292000000,None,None,0,None,-2559000000,None,712000000,71000000,2034000000,2012-09-20,0.53,0.53,0,0,pre-market
2012-05-31,USD,6872000000,10916000000,4044000000,955000000,4595000000,2378000000,1226000000,4599000000,56000000,-192000000,None,192000000,-37000000,-8000000,136000000,640000000,4383000000,931000000,192000000,16529000000,3324000000,4575000000,5215000000,3452000000,USD,78327000000,40023000000,14955000000,30676000000,158000000,6377000000,38304000000,3021000000,2398000000,33018000000,7899000000,25119000000,16291000000,None,15721000000,1935000000,1670000000,34639000000,15388000000,438000000,7331000000,2950000000,0,18852000000,None,46474000000,None,13524000000,46474000000,2435000000,1569000000,43688000000,None,26087000000,17489000000,4905000000,USD,4057000000,3397000000,59000000,1402000000,2163000000,776000000,217000000,2036000000,-11000000,2997000000,-1844000000,-749000000,0,2399000000,2399000000,None,296000000,296000000,None,None,0,None,-2179000000,None,1174000000,-290000000,3452000000,2012-06-18,0.82,0.78,0.04,5.1282,pre-market
2012-02-29,USD,5448000000,9039000000,3591000000,922000000,3317000000,1961000000,1145000000,4004000000,60000000,-190000000,None,190000000,-28000000,24000000,124000000,606000000,3148000000,650000000,190000000,2653000000,2622000000,3338000000,3944000000,2498000000,USD,74361000000,37538000000,13781000000,29742000000,172000000,4656000000,36823000000,2936000000,None,31274000000,7455000000,23819000000,None,None,15961000000,1678000000,1636000000,31488000000,11632000000,442000000,6591000000,0,1665000000,19463000000,None,29577000000,None,14777000000,29577000000,3240000000,1470000000,42873000000,None,25116000000,17341000000,4979000000,USD,3010000000,18000000,29000000,36000000,391000000,606000000,142000000,100000000,-46000000,2688000000,-590000000,-2119000000,0,1659000000,1659000000,None,302000000,302000000,None,None,0,None,-1580000000,None,495000000,194000000,2498000000,2012-03-20,0.62,0.56,0.06,10.7143,pre-market
2011-11-30,USD,5240000000,8792000000,3552000000,929000000,3111000000,1974000000,1102000000,3917000000,58000000,-192000000,None,192000000,-10000000,18000000,109000000,592000000,2960000000,768000000,192000000,2359000000,1892000000,3152000000,3744000000,2192000000,USD,72910000000,38482000000,13286000000,31012000000,218000000,4434000000,34428000000,2900000000,None,29146000000,7152000000,21994000000,None,None,17726000000,1579000000,1260000000,30990000000,11072000000,445000000,6360000000,None,1582000000,19571000000,None,29578000000,0,14778000000,29578000000,2954000000,1410000000,41920000000,None,24383000000,17245000000,5032000000,USD,1255000000,29000000,55000000,-1455000000,364000000,592000000,129000000,355000000,-36000000,2384000000,376000000,-1020000000,0,998000000,998000000,None,303000000,303000000,None,None,0,None,-746000000,None,124000000,-487000000,2192000000,2011-12-20,0.54,0.57,-0.03,-5.2632,pre-market
2011-08-31,USD,4785000000,8374000000,3589000000,936000000,2683000000,1941000000,1050000000,3895000000,57000000,-192000000,None,192000000,-29000000,-20000000,117000000,592000000,2471000000,631000000,192000000,2004000000,1890000000,2663000000,3255000000,1840000000,USD,73859000000,39206000000,13162000000,31660000000,259000000,4194000000,34653000000,2930000000,None,29493000000,7662000000,21831000000,None,None,18498000000,1831000000,1078000000,32967000000,13056000000,614000000,8236000000,None,1553000000,19564000000,None,29589000000,0,14789000000,29589000000,2964000000,1494000000,40892000000,None,23385000000,16915000000,5051000000,USD,5421000000,24000000,39000000,-211000000,-3009000000,709000000,160000000,-2483000000,-57000000,2032000000,-6323000000,-2211000000,0,800000000,800000000,None,467000000,304000000,None,None,0,None,-618000000,None,-3001000000,112000000,1840000000,2011-09-20,0.48,0.46,0.02,4.3478,pre-market
2011-05-31,USD,10265000000,10775000000,510000000,659000000,4359000000,2353000000,1170000000,4606000000,45000000,-195000000,None,195000000,-41000000,26000000,85000000,599000000,3630000000,961000000,195000000,3380000000,3269000000,4359000000,4424000000,2669000000,USD,73535000000,39174000000,16163000000,28848000000,303000000,6628000000,34361000000,2857000000,2238000000,29413000000,7860000000,21553000000,18387000000,None,12685000000,2206000000,1015000000,33759000000,14192000000,494000000,7118000000,1150000000,0,19098000000,None,31822000000,1150000000,14772000000,31822000000,3426000000,1157000000,39776000000,None,22581000000,16653000000,5068000000,USD,3777000000,None,None,-1961000000,2372000000,684000000,78000000,2106000000,19000000,2693000000,-419000000,859000000,0,411000000,411000000,None,304000000,304000000,None,None,1150000000,None,-63000000,None,4299000000,82000000,2669000000,2011-06-23,0.75,0.71,0.04,5.6338,pre-market
2011-02-28,USD,8299000000,8764000000,465000000,593000000,2987000000,1904000000,1127000000,3969000000,44000000,-204000000,None,204000000,-30000000,28000000,89000000,612000000,2977000000,683000000,204000000,2294000000,2216000000,2987000000,3793000000,2294000000,USD,67666000000,32459000000,11864000000,24355000000,276000000,4495000000,35207000000,2894000000,None,29749000000,8324000000,21425000000,None,None,12491000000,2140000000,1045000000,31049000000,11282000000,673000000,6183000000,None,1872000000,19325000000,None,14752000000,0,14752000000,14752000000,2888000000,1145000000,36617000000,None,20059000000,16131000000,5061000000,USD,2676000000,None,None,197000000,19000000,612000000,133000000,-34000000,34000000,2320000000,1032000000,-2431000000,-2253000000,245000000,245000000,None,253000000,253000000,None,None,0,None,49000000,None,1444000000,167000000,2294000000,2011-03-24,0.54,0.5,0.04,8,pre-market
2010-11-30,USD,8057000000,8582000000,525000000,663000000,2770000000,1686000000,1119000000,3749000000,39000000,-214000000,None,214000000,33000000,40000000,95000000,614000000,2838000000,776000000,214000000,2062000000,2041000000,2770000000,3666000000,2062000000,USD,67243000000,32723000000,10420000000,24845000000,236000000,4406000000,34520000000,2870000000,None,29415000000,8526000000,20889000000,None,None,14425000000,2017000000,1015000000,32831000000,13336000000,762000000,6095000000,None,2255000000,19057000000,None,14780000000,2255000000,14780000000,17035000000,2935000000,1136000000,34412000000,None,18422000000,15663000000,5051000000,USD,944000000,None,None,2472000000,-3949000000,614000000,121000000,-3285000000,-14000000,2084000000,-2778000000,128000000,-5000000,255000000,255000000,None,253000000,253000000,None,None,0,None,310000000,None,-1598000000,108000000,2062000000,2010-12-16,0.51,0.46,0.05,10.8696,pre-market
2010-08-31,USD,6945000000,7502000000,557000000,609000000,1917000000,1605000000,1103000000,3719000000,34000000,-196000000,34000000,196000000,49000000,17000000,99000000,603000000,1965000000,443000000,196000000,1522000000,1504000000,1917000000,2764000000,1522000000,USD,65255000000,30264000000,12018000000,23637000000,235000000,3721000000,34991000000,2835000000,None,9124000000,9124000000,20901000000,None,None,11619000000,1529000000,1012000000,33149000000,13800000000,706000000,7278000000,None,2260000000,18943000000,None,14778000000,2260000000,14778000000,19717000000,2493000000,1137000000,32106000000,None,17027000000,14923000000,5025000000,USD,3817000000,None,None,-693000000,2301000000,702000000,118000000,1942000000,-11000000,1548000000,-3916000000,1960000000,-885000000,249000000,249000000,None,251000000,251000000,None,None,3204000000,None,-80000000,None,2104000000,243000000,1522000000,2010-09-16,0.42,0.37,0.05,13.5135,pre-market
2010-05-31,USD,8831000000,9505000000,674000000,599000000,3300000000,2037000000,1063000000,3762000000,31000000,201000000,402000000,201000000,-39000000,16000000,102000000,604000000,2522000000,712000000,-201000000,2564000000,-3802000000,3300000000,3327000000,1810000000,USD,61578000000,27004000000,9914000000,18469000000,259000000,5585000000,34574000000,2763000000,1885000000,29746000000,9321000000,20425000000,None,None,8555000000,1532000000,798000000,30780000000,14691000000,775000000,6288000000,None,3145000000,15688000000,None,11510000000,3145000000,11510000000,14655000000,2976000000,1059000000,30798000000,None,16146000000,14648000000,5026000000,USD,2511000000,None,None,1297000000,-1956000000,706000000,69000000,-1976000000,-55000000,1905000000,-550000000,-1171000000,926000000,254000000,254000000,None,251000000,251000000,None,None,800000000,None,18000000,None,583000000,-207000000,1810000000,2010-06-24,0.6,0.54,0.06,11.1111,pre-market
2010-02-28,USD,6198000000,6404000000,206000000,397000000,1843000000,1477000000,823000000,2956000000,27000000,186000000,372000000,186000000,-88000000,10000000,73000000,502000000,1768000000,393000000,-186000000,1375000000,974000000,1843000000,2456000000,1375000000,USD,59386000000,23979000000,9331000000,17489000000,315000000,3898000000,35407000000,2869000000,None,9868000000,9868000000,20415000000,None,None,8158000000,1299000000,2255000000,30910000000,14251000000,616000000,None,None,4220000000,16284000000,None,11498000000,4220000000,11498000000,18993000000,2574000000,1172000000,28476000000,None,14257000000,13973000000,5015000000,USD,1781000000,None,None,-335000000,335000000,502000000,61000000,177000000,-18000000,1375000000,-7180000000,-8000000,-1708000000,242000000,242000000,None,252000000,252000000,None,None,1959000000,None,-11000000,None,-5588000000,-181000000,1375000000,2010-03-25,0.38,0.37,0.01,2.7027,pre-market
2009-11-30,USD,5858000000,5858000000,0,1096000000,2178000000,1316000000,708000000,2396000000,30000000,188000000,376000000,188000000,-2000000,21000000,62000000,436000000,2211000000,565000000,-188000000,1646000000,1658000000,2178000000,2835000000,1646000000,USD,53833000000,25235000000,14919000000,20784000000,None,3086000000,28598000000,1956000000,None,6584000000,6584000000,19098000000,None,None,5865000000,662000000,960000000,26302000000,8534000000,255000000,None,None,1001000000,17384000000,None,13751000000,1001000000,13751000000,17344000000,1754000000,690000000,27531000000,None,13541000000,13529000000,5009000000,USD,651000000,None,None,-843000000,-449000000,436000000,45000000,-433000000,0,1646000000,-1642000000,-366000000,0,252000000,252000000,None,250000000,250000000,None,None,0,None,-128000000,None,-1179000000,178000000,1646000000,2009-12-17,0.39,0.36,0.03,8.3333,pre-market
2009-08-31,USD,5054000000,5054000000,0,1008000000,1740000000,1161000000,660000000,2127000000,None,179000000,35000000,179000000,None,9000000,61000000,431000000,1741000000,438000000,-179000000,1303000000,1169000000,1740000000,2351000000,1303000000,USD,52998000000,24445000000,16098000000,20565000000,None,2584000000,28553000000,1924000000,None,6886000000,6886000000,18867000000,None,None,4467000000,586000000,876000000,26855000000,9160000000,260000000,None,None,1001000000,17351000000,None,13723000000,1001000000,13723000000,17209000000,1583000000,678000000,26143000000,None,12563000000,13319000000,5012000000,USD,3738000000,None,None,-69000000,2121000000,492000000,55000000,1870000000,0,1303000000,-947000000,4209000000,0,244000000,244000000,None,251000000,251000000,None,None,4461000000,None,3000000,None,7103000000,103000000,1303000000,2009-09-16,0.3,0.3,0,0,pre-market
2024-05-31,,,,,,,,,,,,,,,,,,,,,,,,,,,,,,,,,,,,,,,,,,,,,,,,,,,,,,,,,,,,,,,,,,,,,,,,,,,,,,,,,,,,,,,,,,,2024-06-11,1.63,1.65,-0.02,-1.2121,post-market
2009-05-31,,,,,,,,,,,,,,,,,,,,,,,,,,,,,,,,,,,,,,,,,,,,,,,,,,,,,,,,,,,,,,,,,,,,,,,,,,,,,,,,,,,,,,,,,,,2009-06-23,0.46,0.44,0.02,4.5455,pre-market
2009-02-28,,,,,,,,,,,,,,,,,,,,,,,,,,,,,,,,,,,,,,,,,,,,,,,,,,,,,,,,,,,,,,,,,,,,,,,,,,,,,,,,,,,,,,,,,,,2009-03-18,0.35,0.32,0.03,9.375,pre-market
2008-11-30,,,,,,,,,,,,,,,,,,,,,,,,,,,,,,,,,,,,,,,,,,,,,,,,,,,,,,,,,,,,,,,,,,,,,,,,,,,,,,,,,,,,,,,,,,,2008-12-18,0.34,0.34,0,0,pre-market
2008-08-31,,,,,,,,,,,,,,,,,,,,,,,,,,,,,,,,,,,,,,,,,,,,,,,,,,,,,,,,,,,,,,,,,,,,,,,,,,,,,,,,,,,,,,,,,,,2008-09-18,0.29,0.27,0.02,7.4074,pre-market
2008-05-31,,,,,,,,,,,,,,,,,,,,,,,,,,,,,,,,,,,,,,,,,,,,,,,,,,,,,,,,,,,,,,,,,,,,,,,,,,,,,,,,,,,,,,,,,,,2008-06-25,0.47,0.44,0.03,6.8182,pre-market
2008-02-29,,,,,,,,,,,,,,,,,,,,,,,,,,,,,,,,,,,,,,,,,,,,,,,,,,,,,,,,,,,,,,,,,,,,,,,,,,,,,,,,,,,,,,,,,,,2008-03-26,0.3,0.3,0,0,pre-market
2007-11-30,,,,,,,,,,,,,,,,,,,,,,,,,,,,,,,,,,,,,,,,,,,,,,,,,,,,,,,,,,,,,,,,,,,,,,,,,,,,,,,,,,,,,,,,,,,2007-12-19,0.31,0.27,0.04,14.8148,pre-market
2007-08-31,,,,,,,,,,,,,,,,,,,,,,,,,,,,,,,,,,,,,,,,,,,,,,,,,,,,,,,,,,,,,,,,,,,,,,,,,,,,,,,,,,,,,,,,,,,2007-09-20,0.22,0.21,0.01,4.7619,pre-market
2007-05-31,,,,,,,,,,,,,,,,,,,,,,,,,,,,,,,,,,,,,,,,,,,,,,,,,,,,,,,,,,,,,,,,,,,,,,,,,,,,,,,,,,,,,,,,,,,2007-06-26,0.37,0.35,0.02,5.7143,pre-market
2007-02-28,,,,,,,,,,,,,,,,,,,,,,,,,,,,,,,,,,,,,,,,,,,,,,,,,,,,,,,,,,,,,,,,,,,,,,,,,,,,,,,,,,,,,,,,,,,2007-03-20,0.25,0.23,0.02,8.6957,pre-market
2006-11-30,,,,,,,,,,,,,,,,,,,,,,,,,,,,,,,,,,,,,,,,,,,,,,,,,,,,,,,,,,,,,,,,,,,,,,,,,,,,,,,,,,,,,,,,,,,2006-12-18,0.22,0.22,0,0,pre-market
2006-08-31,,,,,,,,,,,,,,,,,,,,,,,,,,,,,,,,,,,,,,,,,,,,,,,,,,,,,,,,,,,,,,,,,,,,,,,,,,,,,,,,,,,,,,,,,,,2006-09-19,0.18,0.16,0.02,12.5,pre-market
2006-05-31,,,,,,,,,,,,,,,,,,,,,,,,,,,,,,,,,,,,,,,,,,,,,,,,,,,,,,,,,,,,,,,,,,,,,,,,,,,,,,,,,,,,,,,,,,,2006-06-22,0.29,0.28,0.01,3.5714,pre-market
2006-02-28,,,,,,,,,,,,,,,,,,,,,,,,,,,,,,,,,,,,,,,,,,,,,,,,,,,,,,,,,,,,,,,,,,,,,,,,,,,,,,,,,,,,,,,,,,,2006-03-20,0.19,0.18,0.01,5.5556,pre-market
2005-11-30,,,,,,,,,,,,,,,,,,,,,,,,,,,,,,,,,,,,,,,,,,,,,,,,,,,,,,,,,,,,,,,,,,,,,,,,,,,,,,,,,,,,,,,,,,,2005-12-15,0.19,0.19,0,0,pre-market
2005-08-31,,,,,,,,,,,,,,,,,,,,,,,,,,,,,,,,,,,,,,,,,,,,,,,,,,,,,,,,,,,,,,,,,,,,,,,,,,,,,,,,,,,,,,,,,,,2005-09-22,0.14,0.14,0,0,pre-market
2005-05-31,,,,,,,,,,,,,,,,,,,,,,,,,,,,,,,,,,,,,,,,,,,,,,,,,,,,,,,,,,,,,,,,,,,,,,,,,,,,,,,,,,,,,,,,,,,2005-06-29,0.26,0.23,0.03,13.0435,pre-market
2005-02-28,,,,,,,,,,,,,,,,,,,,,,,,,,,,,,,,,,,,,,,,,,,,,,,,,,,,,,,,,,,,,,,,,,,,,,,,,,,,,,,,,,,,,,,,,,,2005-03-22,0.16,0.15,0.01,6.6667,pre-market
2004-11-30,,,,,,,,,,,,,,,,,,,,,,,,,,,,,,,,,,,,,,,,,,,,,,,,,,,,,,,,,,,,,,,,,,,,,,,,,,,,,,,,,,,,,,,,,,,2004-12-13,0.16,0.14,0.02,14.2857,pre-market
2004-08-31,,,,,,,,,,,,,,,,,,,,,,,,,,,,,,,,,,,,,,,,,,,,,,,,,,,,,,,,,,,,,,,,,,,,,,,,,,,,,,,,,,,,,,,,,,,2004-09-14,0.1,0.09,0.01,11.1111,pre-market
2004-05-31,,,,,,,,,,,,,,,,,,,,,,,,,,,,,,,,,,,,,,,,,,,,,,,,,,,,,,,,,,,,,,,,,,,,,,,,,,,,,,,,,,,,,,,,,,,2004-06-15,0.19,0.18,0.01,5.5556,pre-market
2004-02-29,,,,,,,,,,,,,,,,,,,,,,,,,,,,,,,,,,,,,,,,,,,,,,,,,,,,,,,,,,,,,,,,,,,,,,,,,,,,,,,,,,,,,,,,,,,2004-03-11,0.12,0.12,0,0,pre-market
2003-11-30,,,,,,,,,,,,,,,,,,,,,,,,,,,,,,,,,,,,,,,,,,,,,,,,,,,,,,,,,,,,,,,,,,,,,,,,,,,,,,,,,,,,,,,,,,,2003-12-15,0.12,0.11,0.01,9.0909,pre-market
2003-08-31,,,,,,,,,,,,,,,,,,,,,,,,,,,,,,,,,,,,,,,,,,,,,,,,,,,,,,,,,,,,,,,,,,,,,,,,,,,,,,,,,,,,,,,,,,,2003-09-12,0.08,0.08,0,0,pre-market
2003-05-31,,,,,,,,,,,,,,,,,,,,,,,,,,,,,,,,,,,,,,,,,,,,,,,,,,,,,,,,,,,,,,,,,,,,,,,,,,,,,,,,,,,,,,,,,,,2003-06-12,0.16,0.14,0.02,14.2857,pre-market
2003-02-28,,,,,,,,,,,,,,,,,,,,,,,,,,,,,,,,,,,,,,,,,,,,,,,,,,,,,,,,,,,,,,,,,,,,,,,,,,,,,,,,,,,,,,,,,,,2003-03-18,0.11,0.1,0.01,10,pre-market
2002-11-30,,,,,,,,,,,,,,,,,,,,,,,,,,,,,,,,,,,,,,,,,,,,,,,,,,,,,,,,,,,,,,,,,,,,,,,,,,,,,,,,,,,,,,,,,,,2002-12-18,0.1,0.08,0.02,25,pre-market
2002-08-31,,,,,,,,,,,,,,,,,,,,,,,,,,,,,,,,,,,,,,,,,,,,,,,,,,,,,,,,,,,,,,,,,,,,,,,,,,,,,,,,,,,,,,,,,,,2002-09-17,0.07,0.07,0,0,pre-market
2002-05-31,,,,,,,,,,,,,,,,,,,,,,,,,,,,,,,,,,,,,,,,,,,,,,,,,,,,,,,,,,,,,,,,,,,,,,,,,,,,,,,,,,,,,,,,,,,2002-06-18,0.14,0.12,0.02,16.6667,pre-market
2002-02-28,,,,,,,,,,,,,,,,,,,,,,,,,,,,,,,,,,,,,,,,,,,,,,,,,,,,,,,,,,,,,,,,,,,,,,,,,,,,,,,,,,,,,,,,,,,2002-03-14,0.09,0.09,0,0,pre-market
2001-11-30,,,,,,,,,,,,,,,,,,,,,,,,,,,,,,,,,,,,,,,,,,,,,,,,,,,,,,,,,,,,,,,,,,,,,,,,,,,,,,,,,,,,,,,,,,,2001-12-13,0.1,0.1,0,0,pre-market
2001-08-31,,,,,,,,,,,,,,,,,,,,,,,,,,,,,,,,,,,,,,,,,,,,,,,,,,,,,,,,,,,,,,,,,,,,,,,,,,,,,,,,,,,,,,,,,,,2001-09-13,0.09,0.08,0.01,12.5,pre-market
2001-05-31,,,,,,,,,,,,,,,,,,,,,,,,,,,,,,,,,,,,,,,,,,,,,,,,,,,,,,,,,,,,,,,,,,,,,,,,,,,,,,,,,,,,,,,,,,,2001-06-18,0.15,0.14,0.01,7.1429,pre-market
2001-02-28,,,,,,,,,,,,,,,,,,,,,,,,,,,,,,,,,,,,,,,,,,,,,,,,,,,,,,,,,,,,,,,,,,,,,,,,,,,,,,,,,,,,,,,,,,,2001-03-15,0.1,0.1,0,0,pre-market
2000-11-30,,,,,,,,,,,,,,,,,,,,,,,,,,,,,,,,,,,,,,,,,,,,,,,,,,,,,,,,,,,,,,,,,,,,,,,,,,,,,,,,,,,,,,,,,,,2000-12-14,0.11,0.1,0.01,10,pre-market
2000-08-31,,,,,,,,,,,,,,,,,,,,,,,,,,,,,,,,,,,,,,,,,,,,,,,,,,,,,,,,,,,,,,,,,,,,,,,,,,,,,,,,,,,,,,,,,,,2000-09-14,0.09,0.06,0.03,50,pre-market
2000-05-31,,,,,,,,,,,,,,,,,,,,,,,,,,,,,,,,,,,,,,,,,,,,,,,,,,,,,,,,,,,,,,,,,,,,,,,,,,,,,,,,,,,,,,,,,,,2000-06-20,0.16,0.13,0.03,23.0769,pre-market
2000-02-29,,,,,,,,,,,,,,,,,,,,,,,,,,,,,,,,,,,,,,,,,,,,,,,,,,,,,,,,,,,,,,,,,,,,,,,,,,,,,,,,,,,,,,,,,,,2000-03-14,0.09,0.07,0.02,28.5714,pre-market
1999-11-30,,,,,,,,,,,,,,,,,,,,,,,,,,,,,,,,,,,,,,,,,,,,,,,,,,,,,,,,,,,,,,,,,,,,,,,,,,,,,,,,,,,,,,,,,,,1999-12-14,0.07,0.05,0.02,40,pre-market
1999-08-31,,,,,,,,,,,,,,,,,,,,,,,,,,,,,,,,,,,,,,,,,,,,,,,,,,,,,,,,,,,,,,,,,,,,,,,,,,,,,,,,,,,,,,,,,,,1999-09-14,0.04,0.04,0,0,pre-market
1999-05-31,,,,,,,,,,,,,,,,,,,,,,,,,,,,,,,,,,,,,,,,,,,,,,,,,,,,,,,,,,,,,,,,,,,,,,,,,,,,,,,,,,,,,,,,,,,1999-06-15,0.09,0.08,0.01,12.5,pre-market
1999-02-28,,,,,,,,,,,,,,,,,,,,,,,,,,,,,,,,,,,,,,,,,,,,,,,,,,,,,,,,,,,,,,,,,,,,,,,,,,,,,,,,,,,,,,,,,,,1999-03-11,0.05,0.05,0,0,pre-market
1998-11-30,,,,,,,,,,,,,,,,,,,,,,,,,,,,,,,,,,,,,,,,,,,,,,,,,,,,,,,,,,,,,,,,,,,,,,,,,,,,,,,,,,,,,,,,,,,1998-12-10,0.05,0.04,0.01,25,pre-market
1998-08-31,,,,,,,,,,,,,,,,,,,,,,,,,,,,,,,,,,,,,,,,,,,,,,,,,,,,,,,,,,,,,,,,,,,,,,,,,,,,,,,,,,,,,,,,,,,1998-09-10,0.03,0.03,0,0,pre-market
1998-05-31,,,,,,,,,,,,,,,,,,,,,,,,,,,,,,,,,,,,,,,,,,,,,,,,,,,,,,,,,,,,,,,,,,,,,,,,,,,,,,,,,,,,,,,,,,,1998-06-17,0.07,0.06,0.01,16.6667,pre-market
1998-02-28,,,,,,,,,,,,,,,,,,,,,,,,,,,,,,,,,,,,,,,,,,,,,,,,,,,,,,,,,,,,,,,,,,,,,,,,,,,,,,,,,,,,,,,,,,,1998-03-12,0.04,0.03,0.01,33.3333,pre-market
1997-11-30,,,,,,,,,,,,,,,,,,,,,,,,,,,,,,,,,,,,,,,,,,,,,,,,,,,,,,,,,,,,,,,,,,,,,,,,,,,,,,,,,,,,,,,,,,,1997-12-08,0.03,0.04,-0.01,-25,pre-market
1997-08-31,,,,,,,,,,,,,,,,,,,,,,,,,,,,,,,,,,,,,,,,,,,,,,,,,,,,,,,,,,,,,,,,,,,,,,,,,,,,,,,,,,,,,,,,,,,1997-09-16,0.03,0.02,0.01,50,pre-market
1997-05-31,,,,,,,,,,,,,,,,,,,,,,,,,,,,,,,,,,,,,,,,,,,,,,,,,,,,,,,,,,,,,,,,,,,,,,,,,,,,,,,,,,,,,,,,,,,1997-06-17,0.06,0.06,0,0,pre-market
1997-02-28,,,,,,,,,,,,,,,,,,,,,,,,,,,,,,,,,,,,,,,,,,,,,,,,,,,,,,,,,,,,,,,,,,,,,,,,,,,,,,,,,,,,,,,,,,,1997-03-13,0.03,0.03,0,0,pre-market
1996-11-30,,,,,,,,,,,,,,,,,,,,,,,,,,,,,,,,,,,,,,,,,,,,,,,,,,,,,,,,,,,,,,,,,,,,,,,,,,,,,,,,,,,,,,,,,,,1996-12-12,0.03,0.03,0,0,pre-market
1996-08-31,,,,,,,,,,,,,,,,,,,,,,,,,,,,,,,,,,,,,,,,,,,,,,,,,,,,,,,,,,,,,,,,,,,,,,,,,,,,,,,,,,,,,,,,,,,1996-09-12,0.02,0.02,0,0,pre-market
1996-05-31,,,,,,,,,,,,,,,,,,,,,,,,,,,,,,,,,,,,,,,,,,,,,,,,,,,,,,,,,,,,,,,,,,,,,,,,,,,,,,,,,,,,,,,,,,,1996-06-20,0.04,0.04,0,0,pre-market
1996-02-29,,,,,,,,,,,,,,,,,,,,,,,,,,,,,,,,,,,,,,,,,,,,,,,,,,,,,,,,,,,,,,,,,,,,,,,,,,,,,,,,,,,,,,,,,,,1996-03-14,0.02,0.03,-0.01,-33.3333,pre-market
