fiscalDateEnding,reportedCurrency_x,grossProfit,totalRevenue,costOfRevenue,costofGoodsAndServicesSold,operatingIncome,sellingGeneralAndAdministrative,researchAndDevelopment,operatingExpenses,investmentIncomeNet,netInterestIncome,interestIncome,interestExpense,nonInterestIncome,otherNonOperatingIncome,depreciation,depreciationAndAmortization,incomeBeforeTax,incomeTaxExpense,interestAndDebtExpense,netIncomeFromContinuingOperations,comprehensiveIncomeNetOfTax,ebit,ebitda,netIncome_x,reportedCurrency_y,totalAssets,totalCurrentAssets,cashAndCashEquivalentsAtCarryingValue,cashAndShortTermInvestments,inventory,currentNetReceivables,totalNonCurrentAssets,propertyPlantEquipment,accumulatedDepreciationAmortizationPPE,intangibleAssets,intangibleAssetsExcludingGoodwill,goodwill,investments,longTermInvestments,shortTermInvestments,otherCurrentAssets,otherNonCurrentAssets,totalLiabilities,totalCurrentLiabilities,currentAccountsPayable,deferredRevenue,currentDebt,shortTermDebt,totalNonCurrentLiabilities,capitalLeaseObligations,longTermDebt,currentLongTermDebt,longTermDebtNoncurrent,shortLongTermDebtTotal,otherCurrentLiabilities,otherNonCurrentLiabilities,totalShareholderEquity,treasuryStock,retainedEarnings,commonStock,commonStockSharesOutstanding,reportedCurrency,operatingCashflow,paymentsForOperatingActivities,proceedsFromOperatingActivities,changeInOperatingLiabilities,changeInOperatingAssets,depreciationDepletionAndAmortization,capitalExpenditures,changeInReceivables,changeInInventory,profitLoss,cashflowFromInvestment,cashflowFromFinancing,proceedsFromRepaymentsOfShortTermDebt,paymentsForRepurchaseOfCommonStock,paymentsForRepurchaseOfEquity,paymentsForRepurchaseOfPreferredStock,dividendPayout,dividendPayoutCommonStock,dividendPayoutPreferredStock,proceedsFromIssuanceOfCommonStock,proceedsFromIssuanceOfLongTermDebtAndCapitalSecuritiesNet,proceedsFromIssuanceOfPreferredStock,proceedsFromRepurchaseOfEquity,proceedsFromSaleOfTreasuryStock,changeInCashAndCashEquivalents,changeInExchangeRate,netIncome_y,reportedDate,reportedEPS,estimatedEPS,surprise,surprisePercentage,reportTime
2024-04-30,USD,4750000000,6680000000,1930000000,36000000,3105000000,1774000000,671000000,2565000000,None,-60000000,34000000,60000000,6737000000,27000000,42000000,120000000,3072000000,683000000,60000000,2389000000,2391000000,3105000000,3252000000,2389000000,USD,31560000000,9236000000,4215000000,4215000000,None,4000000,22324000000,1032000000,None,19728000000,5950000000,13778000000,517000000,129000000,463000000,3059000000,495000000,12803000000,6163000000,886000000,847000000,None,78000000,6870000000,546000000,5952000000,0,5952000000,5952000000,586000000,217000000,18757000000,18495000000,17270000000,20040000000,280000000,USD,3951000000,16000000,None,626000000,-304000000,156000000,61000000,-260000000,None,2389000000,-219000000,-1684000000,0,572000000,572000000,None,257000000,257000000,None,None,0,None,-515000000,None,None,None,2389000000,2024-05-23,9.88,9.37,0.51,5.4429,post-market
2024-01-31,USD,1812000000,3332000000,1520000000,36000000,369000000,1364000000,678000000,2162000000,None,-57000000,22000000,57000000,3386000000,42000000,36000000,120000000,354000000,1000000,57000000,353000000,371000000,369000000,531000000,353000000,USD,29688000000,7300000000,1474000000,1474000000,3390000000,126000000,22388000000,1049000000,None,19883000000,6104000000,13779000000,83000000,128000000,15000000,345000000,501000000,12780000000,6216000000,789000000,890000000,None,81000000,6714000000,554000000,5950000000,0,5950000000,5950000000,602000000,138000000,16908000000,17911000000,15140000000,19739000000,280000000,USD,613000000,17000000,None,375000000,646000000,156000000,63000000,664000000,-96000000,353000000,34000000,-16000000,0,551000000,551000000,None,256000000,256000000,None,None,0,None,-474000000,None,None,None,353000000,2024-03-05,2.63,2.3,0.33,14.3478,post-market
2023-10-31,USD,1647000000,2916000000,1269000000,38000000,307000000,1111000000,680000000,1911000000,None,-65000000,36000000,65000000,2978000000,22000000,33000000,120000000,264000000,23000000,65000000,241000000,218000000,307000000,449000000,241000000,USD,28488000000,6231000000,1734000000,1734000000,2525000000,17000000,22257000000,1013000000,None,20037000000,6261000000,13776000000,471000000,107000000,537000000,388000000,429000000,11496000000,4996000000,630000000,767000000,None,84000000,6666000000,558000000,5879000000,0,5879000000,5879000000,506000000,144000000,16992000000,17375000000,15047000000,19398000000,280000000,USD,-97000000,25000000,None,-951000000,-3000000,191000000,84000000,-45000000,-576000000,241000000,210000000,849000000,0,584000000,584000000,None,260000000,260000000,None,None,3956000000,None,-492000000,None,None,None,241000000,2023-11-28,2.47,1.98,0.49,24.7475,post-market
2023-07-31,USD,1540000000,2883000000,1343000000,41000000,17000000,1181000000,680000000,1982000000,None,-68000000,46000000,68000000,2712000000,46000000,33000000,121000000,-5000000,-94000000,68000000,89000000,95000000,17000000,184000000,89000000,USD,27780000000,5557000000,2848000000,2848000000,420000000,434000000,22308000000,969000000,1472000000,20199000000,6419000000,13780000000,730000000,105000000,814000000,354000000,417000000,10511000000,3790000000,638000000,926000000,None,499000000,6802000000,480000000,6120000000,0,6120000000,6120000000,448000000,117000000,17269000000,16772000000,15067000000,3000000,280421000,USD,842000000,790000000,None,-312000000,-495000000,195000000,40000000,-284000000,156000000,89000000,-373000000,-1365000000,32000000,472000000,472000000,None,222000000,222000000,None,None,0,None,-394000000,None,None,None,89000000,2023-08-24,1.65,1.44,0.21,14.5833,post-market
2023-04-30,USD,4260000000,5955000000,1695000000,40000000,2778000000,1535000000,604000000,2259000000,None,-66000000,28000000,66000000,6018000000,22000000,33000000,120000000,2734000000,647000000,66000000,2087000000,2089000000,2778000000,2920000000,2087000000,USD,28921000000,6649000000,3745000000,3745000000,388000000,2000000,22272000000,938000000,None,20358000000,6580000000,13778000000,402000000,102000000,523000000,574000000,376000000,11329000000,4415000000,921000000,833000000,501000000,588000000,7081000000,586000000,6610000000,501000000,6109000000,6610000000,498000000,116000000,17592000000,16307000000,15200000000,18760000000,281000000,USD,3592000000,25000000,None,891000000,-73000000,160000000,88000000,-251000000,None,2087000000,155000000,-1549000000,31000000,478000000,478000000,None,221000000,221000000,None,None,0,None,-409000000,None,None,None,2087000000,2023-05-23,8.92,8.48,0.44,5.1887,post-market
2023-01-31,USD,1570000000,2979000000,1409000000,41000000,270000000,1247000000,630000000,1998000000,None,-65000000,15000000,65000000,3041000000,23000000,47000000,121000000,228000000,60000000,65000000,168000000,192000000,270000000,414000000,168000000,USD,27202000000,4756000000,1547000000,2071000000,376000000,67000000,22446000000,931000000,None,20516000000,6737000000,13779000000,724000000,108000000,524000000,391000000,371000000,11360000000,3862000000,811000000,856000000,501000000,501000000,7636000000,600000000,7077000000,501000000,6576000000,7077000000,820000000,88000000,15842000000,15824000000,13337000000,18392000000,281000000,USD,284000000,25000000,None,262000000,570000000,162000000,55000000,497000000,None,168000000,-448000000,-442000000,89000000,507000000,507000000,None,224000000,224000000,None,None,0,None,-486000000,None,None,None,168000000,2023-02-23,2.2,1.44,0.76,52.7778,post-market
2022-10-31,USD,1290000000,2551000000,1261000000,41000000,76000000,1099000000,625000000,1845000000,None,-49000000,14000000,49000000,2597000000,5000000,47000000,121000000,32000000,-8000000,49000000,40000000,13000000,76000000,202000000,40000000,USD,27085000000,4554000000,2125000000,2724000000,None,1038000000,22620000000,926000000,None,20631000000,6899000000,13732000000,799000000,98000000,599000000,792000000,331000000,11018000000,3325000000,670000000,703000000,499000000,585000000,7743000000,616000000,6985000000,499000000,6486000000,6985000000,589000000,89000000,16067000000,15324000000,13396000000,18082000000,281000000,USD,328000000,23000000,None,-382000000,-33000000,209000000,77000000,-68000000,None,40000000,-256000000,-913000000,70000000,510000000,510000000,None,222000000,222000000,None,None,0,None,-450000000,None,None,None,40000000,2022-11-29,1.66,1.22,0.44,36.0656,post-market
2022-07-31,USD,1146000000,2449000000,1303000000,41000000,-75000000,1141000000,627000000,1889000000,None,-32000000,8000000,32000000,2414000000,8000000,45000000,121000000,-99000000,-43000000,32000000,-56000000,-63000000,-75000000,54000000,-56000000,USD,27734000000,5047000000,2796000000,3281000000,None,1048000000,22776000000,888000000,1438000000,20797000000,7061000000,13736000000,685000000,98000000,485000000,718000000,344000000,11293000000,3630000000,737000000,814000000,499000000,499000000,7713000000,542000000,6914000000,499000000,6415000000,6914000000,571000000,87000000,16441000000,14805000000,13581000000,3000000,281932000,USD,339000000,397000000,None,-459000000,-171000000,208000000,61000000,-204000000,None,-56000000,-311000000,-897000000,60000000,524000000,524000000,None,194000000,194000000,None,None,182000000,None,-478000000,None,-869000000,None,-56000000,2022-08-23,1.1,0.98,0.12,12.2449,post-market
2022-04-30,USD,3760000000,5615000000,1855000000,42000000,2395000000,1692000000,600000000,2413000000,None,-21000000,2000000,21000000,5632000000,-1000000,46000000,121000000,2373000000,579000000,21000000,1794000000,1775000000,2395000000,2515000000,1794000000,USD,28514000000,5858000000,3531000000,3904000000,None,744000000,22747000000,858000000,None,20955000000,7224000000,13731000000,573000000,98000000,373000000,1210000000,312000000,11553000000,3591000000,900000000,747000000,None,77000000,1154000000,492000000,6853000000,None,None,6853000000,670000000,86000000,16961000000,14297000000,13832000000,17479000000,282000000,USD,3320000000,25000000,None,395000000,-428000000,163000000,61000000,-383000000,None,1794000000,-428000000,-443000000,120000000,463000000,463000000,None,195000000,195000000,None,None,0,None,-422000000,None,1794000000,None,1794000000,2022-05-24,7.65,7.58,0.07,0.9235,post-market
2022-01-31,USD,1153000000,2657000000,1504000000,42000000,56000000,1341000000,590000000,2052000000,None,-21000000,None,21000000,2673000000,-5000000,51000000,121000000,30000000,-70000000,21000000,100000000,95000000,56000000,172000000,100000000,USD,26303000000,3490000000,1257000000,1414000000,None,1130000000,22888000000,831000000,None,21120000000,7388000000,13732000000,356000000,90000000,157000000,946000000,325000000,10708000000,2968000000,883000000,827000000,None,76000000,1038000000,429000000,6732000000,None,None,6732000000,475000000,73000000,15595000000,13808000000,12235000000,17202000000,283000000,USD,85000000,28000000,None,83000000,681000000,163000000,65000000,579000000,-196000000,100000000,-5478000000,3858000000,0,539000000,539000000,None,195000000,195000000,None,None,0,None,-519000000,None,100000000,None,100000000,2022-02-24,1.55,1.85,-0.3,-16.2162,post-market
2021-10-31,USD,1125000000,2005000000,880000000,15000000,195000000,812000000,530000000,1395000000,None,-7000000,5000000,7000000,2007000000,50000000,45000000,53000000,238000000,10000000,7000000,228000000,223000000,195000000,298000000,228000000,USD,14870000000,4487000000,2864000000,3250000000,None,522000000,10458000000,789000000,None,8808000000,3195000000,5613000000,584000000,84000000,386000000,715000000,289000000,5137000000,2138000000,531000000,606000000,None,67000000,992000000,470000000,2037000000,None,None,2037000000,385000000,51000000,9733000000,13289000000,12333000000,10718000000,273000000,USD,145000000,24000000,None,-403000000,41000000,114000000,42000000,10000000,-18000000,228000000,796000000,-786000000,2000000,335000000,335000000,None,190000000,190000000,None,None,0,None,-280000000,None,155000000,None,228000000,2021-11-18,1.53,0.97,0.56,57.732,post-market
2021-07-31,USD,1383000000,2571000000,1188000000,15000000,402000000,1119000000,521000000,1694000000,None,-7000000,8000000,7000000,2561000000,8000000,44000000,54000000,403000000,23000000,7000000,380000000,380000000,402000000,464000000,380000000,USD,15516000000,5157000000,2562000000,3870000000,None,653000000,10434000000,780000000,1340000000,8865000000,3252000000,5613000000,1508000000,43000000,1308000000,773000000,283000000,5647000000,2655000000,623000000,692000000,0,14000000,3024000000,380000000,2034000000,0,2034000000,2048000000,361000000,53000000,9869000000,12951000000,12296000000,3000000,273235000,USD,542000000,632000000,None,-258000000,-81000000,113000000,24000000,-44000000,-372000000,380000000,-437000000,-597000000,0,463000000,463000000,None,164000000,164000000,None,None,0,None,-404000000,None,-492000000,None,380000000,2021-08-24,1.97,1.59,0.38,23.8994,post-market
2021-04-30,USD,2956000000,4170000000,1214000000,14000000,1914000000,1146000000,464000000,1664000000,None,-7000000,14000000,7000000,4173000000,14000000,45000000,54000000,1921000000,457000000,7000000,1464000000,1463000000,1914000000,1982000000,1464000000,USD,15758000000,5327000000,3164000000,4116000000,None,558000000,10511000000,791000000,None,8935000000,3321000000,5614000000,1152000000,41000000,952000000,653000000,287000000,5803000000,2712000000,601000000,657000000,0,74000000,1093000000,439000000,2033000000,None,None,2033000000,419000000,56000000,9955000000,12484000000,12081000000,10382000000,273000000,USD,2384000000,21000000,None,415000000,-117000000,68000000,30000000,-61000000,452000000,1464000000,-262000000,-992000000,0,378000000,378000000,None,161000000,161000000,None,None,0,None,-349000000,None,1464000000,None,1464000000,2021-05-25,6.07,6.47,-0.4,-6.1824,post-market
2021-01-31,USD,693000000,1573000000,880000000,14000000,-25000000,830000000,368000000,1234000000,None,-7000000,2000000,7000000,1576000000,54000000,40000000,36000000,22000000,2000000,7000000,20000000,32000000,-25000000,65000000,20000000,USD,14598000000,4094000000,1952000000,2738000000,None,618000000,10574000000,792000000,None,8982000000,3384000000,5598000000,986000000,41000000,786000000,738000000,291000000,5730000000,2677000000,486000000,759000000,325000000,397000000,1053000000,463000000,2033000000,325000000,None,2033000000,362000000,49000000,8868000000,12104000000,10783000000,10212000000,270000000,USD,279000000,17000000,None,343000000,315000000,50000000,33000000,290000000,-61000000,20000000,-3136000000,-434000000,0,164000000,164000000,None,163000000,163000000,None,None,0,None,-144000000,None,20000000,None,20000000,2021-02-23,0.68,0.91,-0.23,-25.2747,post-market
2020-10-31,USD,769000000,1319000000,550000000,7000000,209000000,531000000,325000000,868000000,None,-8000000,3000000,8000000,1323000000,9000000,37000000,2000000,210000000,12000000,8000000,198000000,195000000,209000000,220000000,198000000,USD,9707000000,6651000000,5174000000,5793000000,None,128000000,3117000000,743000000,None,1760000000,63000000,1697000000,819000000,28000000,619000000,730000000,233000000,4462000000,2152000000,256000000,583000000,325000000,374000000,310000000,277000000,2032000000,325000000,None,2032000000,280000000,50000000,5245000000,11929000000,10926000000,6283000000,263000000,USD,45000000,14000000,None,-408000000,8000000,46000000,38000000,-30000000,-84000000,198000000,-130000000,-1153000000,-1000000000,0,0,None,158000000,158000000,None,None,0,None,88000000,None,-1238000000,None,198000000,2020-11-19,0.94,0.37,0.57,154.0541,post-market
2020-07-31,USD,1494000000,1816000000,322000000,322000000,483000000,617000000,393000000,1011000000,None,-7000000,6000000,7000000,1816000000,10000000,44000000,1000000,486000000,41000000,7000000,483000000,457000000,483000000,494000000,445000000,USD,10931000000,7980000000,6442000000,7050000000,None,201000000,3010000000,734000000,1294000000,1682000000,28000000,1654000000,808000000,19000000,608000000,769000000,225000000,5825000000,3529000000,305000000,665000000,1338000000,17000000,2319000000,267000000,2031000000,1338000000,2031000000,2048000000,297000000,42000000,5106000000,11929000000,10885000000,3000000,261740000,USD,287000000,527000000,None,-270000000,-92000000,50000000,30000000,-68000000,-290000000,483000000,14000000,2830000000,0,0,0,None,142000000,142000000,None,None,0,None,51000000,None,483000000,None,445000000,2020-08-25,1.81,1.05,0.76,72.381,post-market
2020-04-30,USD,2169000000,3002000000,836000000,426000000,1413000000,829000000,332000000,1163000000,None,-2000000,10000000,2000000,3002000000,-3000000,47000000,2000000,1408000000,324000000,2000000,1084000000,1075000000,1413000000,1412000000,1084000000,USD,7764000000,4862000000,3371000000,3971000000,None,225000000,2977000000,745000000,None,1687000000,34000000,1653000000,819000000,38000000,600000000,666000000,231000000,3024000000,2713000000,384000000,638000000,350000000,300000000,276000000,265000000,48000000,50000000,None,348000000,285000000,26000000,4740000000,11929000000,10581000000,6132000000,261000000,USD,1937000000,17000000,None,294000000,-456000000,7000000,39000000,-429000000,363000000,1084000000,-15000000,-254000000,0,45000000,45000000,None,139000000,139000000,None,None,0,None,-6000000,None,1084000000,None,1084000000,2020-05-21,4.49,4.6,-0.11,-2.3913,post-market
2020-01-31,USD,941000000,1696000000,759000000,340000000,270000000,752000000,333000000,1086000000,None,-3000000,11000000,3000000,1696000000,15000000,49000000,1000000,282000000,42000000,3000000,240000000,240000000,270000000,286000000,240000000,USD,6701000000,3690000000,1641000000,2266000000,None,655000000,2829000000,758000000,None,1696000000,41000000,1655000000,838000000,26000000,625000000,769000000,None,2974000000,2204000000,455000000,675000000,38000000,95000000,441000000,343000000,373000000,57000000,None,373000000,318000000,56000000,3727000000,11889000000,9637000000,6014000000,261000000,USD,317000000,17000000,None,407000000,484000000,7000000,30000000,465000000,51000000,240000000,-39000000,-217000000,0,138000000,138000000,None,139000000,139000000,None,None,0,None,-80000000,None,240000000,None,240000000,2020-02-24,1.16,1.02,0.14,13.7255,post-market
2019-10-31,USD,633000000,1165000000,537000000,290000000,10000000,529000000,334000000,865000000,None,-2000000,12000000,2000000,1165000000,14000000,49000000,2000000,22000000,-35000000,2000000,57000000,58000000,10000000,26000000,57000000,USD,6183000000,3162000000,1630000000,2255000000,None,190000000,2862000000,773000000,None,1704000000,49000000,1655000000,838000000,26000000,625000000,717000000,None,2550000000,1757000000,272000000,556000000,50000000,105000000,408000000,352000000,373000000,55000000,None,373000000,267000000,55000000,3633000000,11750000000,9537000000,5881000000,261000000,USD,-127000000,16000000,None,-239000000,101000000,57000000,38000000,38000000,-85000000,57000000,-57000000,-325000000,0,140000000,140000000,None,141000000,141000000,None,None,0,None,-77000000,None,-509000000,None,57000000,2019-11-21,0.41,0.25,0.16,64,post-market
2019-07-31,USD,713000000,994000000,281000000,281000000,-153000000,531000000,333000000,866000000,None,-3000000,19000000,3000000,994000000,19000000,52000000,2000000,-137000000,-93000000,3000000,-153000000,-42000000,-153000000,-132000000,-44000000,USD,6283000000,3594000000,2116000000,2740000000,None,152000000,2690000000,780000000,1381000000,1709000000,54000000,1655000000,824000000,13000000,624000000,702000000,186000000,2534000000,1966000000,274000000,623000000,50000000,50000000,275000000,None,386000000,50000000,386000000,386000000,202000000,145000000,3749000000,11611000000,9621000000,3000000,260180000,USD,-122000000,None,None,-352000000,-107000000,59000000,10000000,-114000000,-453000000,-153000000,-318000000,-340000000,0,148000000,148000000,None,127000000,127000000,None,None,0,None,-95000000,None,-163000000,None,-44000000,2019-08-22,-0.09,-0.15,0.06,40,post-market
2019-04-30,USD,2440000000,3272000000,828000000,354000000,1784000000,822000000,311000000,1134000000,None,-4000000,10000000,4000000,3272000000,17000000,48000000,1000000,1797000000,419000000,4000000,1378000000,1376000000,1784000000,1802000000,1378000000,USD,6917000000,4249000000,2946000000,3346000000,None,265000000,2466000000,799000000,None,1654000000,43000000,1611000000,600000000,13000000,400000000,638000000,None,2847000000,2291000000,383000000,None,50000000,50000000,87000000,None,398000000,50000000,None,398000000,254000000,145000000,4070000000,11463000000,9789000000,5782000000,260000000,USD,2248000000,None,None,352000000,-383000000,6000000,49000000,-359000000,423000000,1378000000,-209000000,-215000000,0,134000000,134000000,None,123000000,123000000,None,None,0,None,-57000000,None,1378000000,None,1378000000,2019-05-23,5.55,5.4,0.15,2.7778,post-market
2019-01-31,USD,804000000,1502000000,694000000,285000000,233000000,688000000,295000000,984000000,None,-4000000,None,4000000,1502000000,6000000,48000000,1000000,235000000,46000000,4000000,189000000,193000000,233000000,240000000,189000000,USD,5335000000,2644000000,1075000000,1333000000,None,624000000,2483000000,810000000,None,1660000000,49000000,1611000000,458000000,13000000,258000000,687000000,None,2539000000,2001000000,400000000,None,50000000,50000000,65000000,None,363000000,50000000,None,363000000,257000000,124000000,2796000000,11328000000,8537000000,5623000000,260000000,USD,341000000,None,None,418000000,413000000,6000000,45000000,431000000,124000000,189000000,-57000000,-299000000,0,179000000,179000000,None,122000000,122000000,None,None,0,None,-145000000,None,189000000,None,189000000,2019-02-21,1,0.86,0.14,16.2791,post-market
2018-10-31,USD,522000000,1016000000,490000000,247000000,-10000000,483000000,294000000,779000000,None,-4000000,None,4000000,1016000000,0,51000000,2000000,-14000000,-48000000,4000000,34000000,30000000,-10000000,-8000000,34000000,USD,4928000000,2232000000,1084000000,1332000000,None,193000000,2483000000,805000000,None,1665000000,55000000,1610000000,448000000,13000000,248000000,707000000,None,2146000000,1586000000,209000000,None,50000000,50000000,63000000,None,375000000,50000000,None,375000000,202000000,120000000,2782000000,11151000000,8472000000,5501000000,260000000,USD,-143000000,None,None,-234000000,98000000,57000000,35000000,26000000,-117000000,34000000,-51000000,-111000000,0,95000000,95000000,None,129000000,129000000,None,None,0,None,25000000,None,-305000000,None,34000000,2018-11-19,0.29,0.11,0.18,163.6364,post-market
2018-07-31,USD,757000000,864000000,231000000,229000000,-200000000,525000000,311000000,835000000,None,-4000000,None,4000000,-5138000000,11000000,55000000,2000000,-193000000,-155000000,4000000,167000000,-42000000,-200000000,-187000000,-38000000,USD,5134000000,2422000000,1464000000,1716000000,None,137000000,2687000000,812000000,1382000000,1672000000,61000000,1611000000,452000000,13000000,252000000,551000000,215000000,2318000000,1743000000,178000000,584000000,50000000,50000000,184000000,None,388000000,50000000,None,388000000,198000000,119000000,2816000000,11050000000,8564000000,3000000,258616000,USD,-37000000,None,None,-627000000,-206000000,62000000,27000000,-148000000,-452000000,-81000000,9000000,-170000000,0,0,0,None,102000000,102000000,None,None,0,None,90000000,None,-150000000,-4000000,-38000000,2018-08-23,0.32,0.23,0.09,39.1304,post-market
2018-04-30,USD,1911000000,2912000000,1009000000,305000000,1601000000,708000000,296000000,1006000000,None,-5000000,None,5000000,2912000000,7000000,56000000,2000000,1603000000,417000000,5000000,1200000000,1174000000,1601000000,1610000000,1186000000,USD,5787000000,2845000000,1614000000,1936000000,None,311000000,2842000000,950000000,None,1681000000,68000000,1613000000,462000000,28000000,322000000,598000000,155000000,3423000000,2703000000,325000000,1213000000,50000000,50000000,395000000,None,400000000,50000000,None,400000000,227000000,147000000,2912000000,11050000000,8155000000,5289000000,257000000,USD,1975000000,None,None,318000000,-284000000,7000000,20000000,-253000000,391000000,1200000000,-105000000,-727000000,-640000000,19000000,19000000,None,100000000,100000000,None,None,0,None,36000000,None,1136000000,-10000000,1186000000,2018-05-22,4.82,4.68,0.14,2.9915,post-market
2018-01-31,USD,303000000,1339000000,856000000,246000000,194000000,612000000,286000000,899000000,None,-6000000,None,6000000,1339000000,5000000,57000000,1000000,193000000,10000000,6000000,-21000000,192000000,194000000,200000000,183000000,USD,4898000000,1902000000,478000000,726000000,None,565000000,2892000000,984000000,None,1690000000,75000000,1615000000,463000000,28000000,248000000,611000000,162000000,3741000000,3032000000,343000000,1290000000,690000000,690000000,351000000,None,413000000,50000000,None,413000000,251000000,126000000,1721000000,11031000000,7057000000,5151000000,256000000,USD,252000000,None,None,630000000,528000000,4000000,27000000,385000000,48000000,-21000000,-308000000,100000000,240000000,85000000,85000000,None,100000000,100000000,None,None,0,None,-18000000,None,-51000000,8000000,183000000,2018-02-22,0.35,0.34,0.01,2.9412,post-market
2017-10-31,USD,233000000,910000000,648000000,198000000,-35000000,453000000,293000000,747000000,None,-5000000,None,5000000,910000000,3000000,60000000,1000000,-37000000,-35000000,5000000,-2000000,-9000000,-35000000,-31000000,-2000000,USD,4064000000,1415000000,529000000,777000000,None,177000000,2536000000,1016000000,None,1312000000,18000000,1294000000,463000000,31000000,248000000,461000000,146000000,2861000000,2117000000,220000000,990000000,450000000,450000000,373000000,None,425000000,450000000,None,425000000,183000000,128000000,1562000000,10948000000,7180000000,4999000000,256000000,USD,-78000000,None,None,-230000000,-16000000,65000000,50000000,12000000,-15000000,-17000000,-128000000,158000000,400000000,168000000,168000000,None,105000000,105000000,None,None,0,None,-85000000,None,0,-5000000,-2000000,2017-11-20,0.11,0.05,0.06,120,post-market
2017-07-31,USD,659000000,842000000,183000000,183000000,-10000000,406000000,263000000,669000000,None,-3000000,None,3000000,None,3000000,58000000,0,-1000000,-25000000,3000000,38000000,52000000,-10000000,2000000,24000000,USD,4068000000,1415000000,529000000,777000000,None,166000000,2552000000,1030000000,1389000000,1317000000,22000000,1295000000,463000000,31000000,248000000,472000000,143000000,2714000000,1944000000,157000000,1089000000,50000000,50000000,385000000,None,438000000,50000000,None,438000000,178000000,130000000,1699000000,10778000000,7297000000,3000000,255668000,USD,-290000000,None,None,-525000000,-16000000,62000000,52000000,-80000000,-558000000,-10000000,5000000,-483000000,0,366000000,366000000,None,88000000,88000000,None,None,0,None,-290000000,None,-821000000,15000000,24000000,2017-08-22,0.2,0.17,0.03,17.6471,post-market
2017-04-30,USD,1685000000,2541000000,848000000,237000000,1444000000,613000000,246000000,860000000,None,-8000000,None,8000000,None,3000000,55000000,1000000,1439000000,475000000,8000000,964000000,962000000,1444000000,1448000000,964000000,USD,4969000000,2255000000,1350000000,1593000000,None,245000000,2742000000,1041000000,None,1321000000,27000000,1294000000,458000000,28000000,243000000,417000000,141000000,3272000000,2494000000,269000000,1133000000,50000000,50000000,394000000,None,450000000,50000000,None,450000000,222000000,150000000,1697000000,10417000000,7363000000,4787000000,256000000,USD,1802000000,None,0,328000000,-380000000,4000000,46000000,-315000000,506000000,964000000,-65000000,-774000000,-150000000,90000000,90000000,None,88000000,88000000,None,None,0,None,-26000000,None,958000000,-5000000,964000000,2017-05-23,3.9,3.87,0.03,0.7752,post-market
2017-01-31,USD,257000000,1016000000,748000000,206000000,22000000,545000000,243000000,788000000,None,-11000000,None,11000000,None,-1000000,52000000,0,10000000,-3000000,11000000,13000000,16000000,22000000,21000000,13000000,USD,4373000000,1679000000,392000000,637000000,None,562000000,2722000000,1047000000,None,1327000000,34000000,1293000000,460000000,28000000,245000000,480000000,120000000,3588000000,2803000000,258000000,1254000000,687000000,687000000,383000000,None,463000000,687000000,None,463000000,254000000,144000000,785000000,10329000000,6488000000,4660000000,257000000,USD,292000000,0,0,545000000,388000000,3000000,46000000,382000000,79000000,13000000,-55000000,-209000000,50000000,208000000,208000000,None,88000000,88000000,None,None,0,None,-165000000,None,32000000,4000000,13000000,2017-02-23,0.26,0.25,0.01,4,post-market
2016-10-31,USD,179000000,778000000,590000000,183000000,-61000000,409000000,246000000,656000000,None,-9000000,None,9000000,None,-2000000,49000000,1000000,-72000000,-42000000,9000000,-30000000,-35000000,-61000000,-62000000,-30000000,USD,3933000000,1262000000,360000000,605000000,None,178000000,2699000000,1047000000,None,1332000000,39000000,1293000000,460000000,28000000,245000000,479000000,113000000,2997000000,2181000000,165000000,936000000,625000000,625000000,402000000,None,475000000,625000000,None,475000000,190000000,144000000,936000000,10131000000,6564000000,4540000000,258000000,USD,-205000000,14000000,0,-187000000,124000000,55000000,86000000,52000000,-80000000,-30000000,98000000,-166000000,100000000,175000000,175000000,None,89000000,89000000,None,None,0,None,-132000000,None,-278000000,-5000000,-30000000,2016-11-17,0.06,0.03,0.03,100,post-market
2016-07-31,USD,583000000,780000000,171000000,171000000,-56000000,398000000,235000000,639000000,None,-9000000,None,9000000,None,3000000,50000000,6000000,-62000000,-22000000,9000000,-40000000,-46000000,-56000000,-47000000,-40000000,USD,4250000000,1614000000,638000000,1080000000,None,128000000,2664000000,1031000000,1209000000,1326000000,44000000,1282000000,1412000000,28000000,442000000,406000000,112000000,3089000000,2251000000,184000000,1005000000,512000000,512000000,404000000,None,488000000,1000000000,None,488000000,161000000,146000000,1492000000,9939000000,6687000000,3000000,257853000,USD,-281000000,426000000,29000000,-613000000,-188000000,63000000,73000000,-90000000,-492000000,-56000000,-207000000,-155000000,0,74000000,74000000,None,80000000,80000000,None,None,0,None,-74000000,None,-651000000,-8000000,-40000000,2016-08-23,0.08,-0.02,0.1,500,post-market
2016-04-30,USD,1508000000,2294000000,786000000,216000000,1285000000,572000000,228000000,803000000,None,-10000000,None,10000000,None,2000000,51000000,3000000,1455000000,429000000,10000000,848000000,1042000000,1285000000,1468000000,1026000000,USD,4940000000,2311000000,1289000000,1613000000,None,218000000,2657000000,989000000,None,1339000000,57000000,1282000000,514000000,28000000,324000000,480000000,108000000,3692000000,2865000000,270000000,1028000000,500000000,500000000,383000000,None,500000000,500000000,None,500000000,199000000,153000000,1248000000,9865000000,6805000000,4334000000,257000000,USD,1612000000,25000000,10000000,339000000,-414000000,8000000,55000000,-411000000,525000000,1026000000,85000000,-759000000,-745000000,465000000,465000000,None,77000000,77000000,None,None,-245000000,None,-432000000,None,955000000,17000000,1026000000,2016-05-24,3.43,3.21,0.22,6.8536,post-market
2016-01-31,USD,244000000,914000000,670000000,199000000,42000000,476000000,205000000,682000000,None,-9000000,None,9000000,None,-5000000,49000000,1000000,23000000,-1000000,9000000,29000000,14000000,42000000,33000000,24000000,USD,4349000000,1467000000,334000000,334000000,373000000,620000000,2910000000,980000000,None,1345000000,67000000,1278000000,190000000,28000000,373000000,140000000,103000000,3708000000,2349000000,286000000,1114000000,245000000,245000000,411000000,None,1000000000,None,None,1245000000,208000000,138000000,641000000,9400000000,5857000000,4226000000,263000000,USD,317000000,11000000,11000000,591000000,426000000,7000000,324000000,412000000,64000000,24000000,-323000000,-124000000,395000000,472000000,472000000,None,79000000,79000000,None,None,395000000,None,-440000000,None,-140000000,-10000000,24000000,2016-02-25,0.25,0.19,0.06,31.5789,post-market
2015-10-31,USD,183000000,706000000,523000000,166000000,-29000000,361000000,213000000,576000000,None,-7000000,None,7000000,None,-4000000,45000000,2000000,-40000000,-9000000,7000000,-31000000,-33000000,-29000000,-31000000,-31000000,USD,3833000000,1427000000,474000000,474000000,None,224000000,2434000000,701000000,None,1351000000,77000000,1274000000,190000000,28000000,None,729000000,107000000,2782000000,1887000000,178000000,792000000,350000000,350000000,491000000,None,500000000,350000000,None,500000000,165000000,184000000,1051000000,8945000000,5914000000,4114000000,272000000,USD,-188000000,23000000,9000000,-214000000,84000000,55000000,70000000,45000000,-65000000,-31000000,816000000,-961000000,350000000,1253000000,1253000000,None,82000000,82000000,None,None,350000000,None,-1229000000,None,-334000000,-1000000,-31000000,2015-11-19,0.09,-0.04,0.13,325,post-market
2015-07-31,USD,520000000,696000000,176000000,176000000,-130000000,289000000,215000000,650000000,None,-6000000,None,6000000,None,-2000000,42000000,-6000000,-22000000,-36000000,6000000,-102000000,4000000,-130000000,-22000000,14000000,USD,4968000000,2560000000,808000000,1697000000,None,175000000,2435000000,682000000,1061000000,1353000000,87000000,1266000000,2061000000,27000000,889000000,688000000,106000000,2636000000,1744000000,190000000,843000000,0,0,937000000,None,500000000,0,None,500000000,150000000,172000000,2332000000,7675000000,6027000000,3000000,277706000,USD,-133000000,259000000,34000000,-330000000,-20000000,61000000,78000000,-24000000,-364000000,-130000000,-87000000,-156000000,None,11000000,11000000,None,71000000,71000000,None,None,None,None,-33000000,None,-385000000,-9000000,14000000,2015-08-20,-0.05,-0.11,0.06,54.5455,post-market
2015-04-30,USD,1127000000,2187000000,1060000000,202000000,1066000000,583000000,206000000,867000000,None,-7000000,None,7000000,None,1000000,40000000,6000000,905000000,404000000,7000000,656000000,503000000,1066000000,918000000,501000000,USD,5295000000,2867000000,1193000000,2084000000,None,218000000,2460000000,671000000,None,1615000000,183000000,1432000000,2446000000,32000000,891000000,565000000,110000000,2974000000,2126000000,286000000,941000000,None,479000000,448000000,None,499000000,None,None,499000000,235000000,204000000,2321000000,7666000000,6082000000,3925000000,277000000,USD,1475000000,28000000,13000000,181000000,-418000000,17000000,67000000,-388000000,321000000,501000000,-60000000,-708000000,None,680000000,680000000,None,69000000,69000000,None,None,None,None,-652000000,None,711000000,4000000,501000000,2015-05-21,2.85,2.74,0.11,4.0146,post-market
2015-01-31,USD,104000000,801000000,697000000,188000000,-89000000,494000000,188000000,650000000,None,-7000000,None,7000000,None,2000000,39000000,6000000,-100000000,-34000000,7000000,-60000000,-81000000,-89000000,-87000000,-66000000,USD,5245000000,2578000000,482000000,1367000000,None,605000000,2702000000,643000000,None,1875000000,187000000,1688000000,1756000000,35000000,885000000,606000000,114000000,2891000000,2109000000,273000000,971000000,None,429000000,379000000,None,499000000,None,None,499000000,395000000,200000000,2354000000,7098000000,5652000000,3822000000,285000000,USD,365000000,20000000,20000000,674000000,358000000,15000000,61000000,377000000,84000000,-66000000,26000000,-435000000,None,440000000,440000000,None,69000000,69000000,None,None,None,None,-386000000,None,-60000000,-16000000,-66000000,2015-02-19,-0.06,-0.13,0.07,53.8462,post-market
2014-10-31,USD,89000000,665000000,576000000,159000000,-109000000,405000000,189000000,562000000,None,-7000000,None,7000000,None,0,36000000,6000000,-119000000,-35000000,7000000,-81000000,-89000000,-109000000,-106000000,-84000000,USD,5038000000,2437000000,542000000,1589000000,None,231000000,2632000000,629000000,None,1825000000,186000000,1639000000,1978000000,31000000,1047000000,617000000,116000000,2111000000,1360000000,198000000,563000000,None,139000000,347000000,None,499000000,None,None,499000000,154000000,200000000,2927000000,6544000000,5791000000,3687000000,286000000,USD,-118000000,32000000,18000000,-23000000,132000000,54000000,55000000,60000000,-72000000,-84000000,-61000000,-123000000,None,114000000,114000000,None,74000000,74000000,None,None,None,None,-67000000,None,-307000000,-5000000,-84000000,2014-11-20,-0.1,-0.2,0.1,50,post-market
2014-07-31,USD,535000000,714000000,179000000,166000000,-55000000,376000000,166000000,538000000,None,-7000000,None,7000000,None,23000000,34000000,6000000,-47000000,-18000000,7000000,-28000000,-43000000,-55000000,-34000000,-29000000,USD,5201000000,2621000000,849000000,1914000000,6000000,169000000,2611000000,589000000,982000000,1834000000,199000000,1323000000,2234000000,31000000,1065000000,538000000,108000000,2123000000,1421000000,145000000,536000000,None,278000000,744000000,None,499000000,499000000,None,499000000,150000000,166000000,3078000000,6430000000,5949000000,3000000,284950000,USD,-84000000,273000000,30000000,-277000000,-60000000,50000000,70000000,-110000000,-361000000,-57000000,-468000000,-174000000,None,152000000,152000000,None,55000000,55000000,None,None,None,None,-148000000,None,-725000000,1000000,-29000000,2014-08-21,-0.01,0.07,-0.08,-114.2857,post-market
2014-04-30,USD,1678000000,2380000000,702000000,158000000,1487000000,533000000,186000000,673000000,None,-8000000,None,8000000,None,3000000,35000000,5000000,1489000000,505000000,8000000,980000000,986000000,1487000000,1502000000,984000000,USD,5610000000,3438000000,1574000000,2633000000,None,277000000,2203000000,566000000,None,1468000000,155000000,1313000000,2937000000,31000000,1059000000,526000000,107000000,2372000000,1683000000,193000000,None,None,492000000,283000000,None,499000000,None,None,499000000,226000000,190000000,3238000000,6278000000,6033000000,3471000000,284000000,USD,1388000000,24000000,9000000,-102000000,-392000000,11000000,38000000,-381000000,483000000,984000000,-409000000,-32000000,None,23000000,23000000,None,54000000,54000000,None,None,None,None,13000000,None,949000000,2000000,984000000,2014-05-20,3.53,3.5,0.03,0.8571,pre-market
2014-01-31,USD,138000000,774000000,636000000,164000000,-55000000,461000000,186000000,602000000,None,-8000000,None,8000000,None,0,36000000,5000000,-54000000,-17000000,8000000,-42000000,-46000000,-55000000,-41000000,-37000000,USD,4718000000,2541000000,625000000,1331000000,None,435000000,2222000000,573000000,None,1453000000,158000000,1295000000,1666000000,45000000,706000000,552000000,106000000,2483000000,1790000000,225000000,None,None,182000000,293000000,None,499000000,None,None,499000000,260000000,194000000,2235000000,6254000000,5103000000,3376000000,284000000,USD,332000000,10000000,10000000,634000000,300000000,11000000,46000000,315000000,104000000,-37000000,-121000000,5000000,None,2000000,2000000,None,56000000,56000000,None,None,None,None,51000000,None,208000000,-8000000,-37000000,2014-02-20,0.02,0.02,0,0,pre-market
2013-10-31,USD,91000000,614000000,523000000,133000000,-77000000,376000000,176000000,509000000,None,-8000000,None,8000000,None,5000000,39000000,10000000,-34000000,-23000000,8000000,-57000000,-12000000,-77000000,-16000000,-11000000,USD,4068000000,1950000000,417000000,1116000000,None,137000000,2163000000,563000000,None,1408000000,158000000,1250000000,1389000000,45000000,699000000,492000000,102000000,1844000000,1153000000,168000000,None,None,128000000,291000000,None,499000000,None,None,499000000,155000000,192000000,2224000000,5986000000,5196000000,2995000000,288000000,USD,-190000000,47000000,33000000,-127000000,198000000,54000000,47000000,154000000,-207000000,-17000000,949000000,-1350000000,None,1400000000,1400000000,None,55000000,55000000,None,None,None,None,-1328000000,None,-592000000,-1000000,-11000000,2013-11-21,-0.06,-0.09,0.03,33.3333,pre-market
2013-07-31,USD,507000000,634000000,127000000,127000000,-60000000,297000000,144000000,567000000,None,-7000000,None,7000000,None,0,42000000,2000000,-46000000,-30000000,7000000,-46000000,-25000000,-60000000,-37000000,-16000000,USD,5486000000,2396000000,1009000000,1661000000,None,130000000,3173000000,555000000,945000000,1395000000,149000000,1100000000,741000000,83000000,652000000,543000000,102000000,1955000000,1280000000,137000000,527000000,None,220000000,745000000,None,499000000,None,None,499000000,156000000,167000000,3531000000,4952000000,5262000000,3000000,299503000,USD,-194000000,317000000,4000000,-261000000,-50000000,63000000,62000000,-141000000,-432000000,-60000000,-138000000,-68000000,None,0,0,None,51000000,51000000,None,None,None,None,-20000000,None,-403000000,-3000000,-16000000,2013-08-20,-0.11,None,None,None,pre-market
2013-04-30,USD,1469000000,2170000000,701000000,145000000,1282000000,514000000,166000000,664000000,None,-8000000,None,8000000,None,4000000,42000000,5000000,1242000000,420000000,8000000,858000000,822000000,1282000000,1255000000,822000000,USD,5810000000,2700000000,1412000000,1995000000,None,312000000,3198000000,588000000,None,2324000000,165000000,2159000000,1462000000,88000000,583000000,392000000,110000000,2240000000,1546000000,231000000,466000000,None,485000000,290000000,None,499000000,None,None,499000000,223000000,195000000,3570000000,5038000000,5334000000,3245000000,297000000,USD,1449000000,9000000,9000000,-52000000,-423000000,57000000,32000000,-229000000,424000000,822000000,-345000000,-90000000,None,92000000,92000000,None,51000000,51000000,None,None,None,None,-48000000,None,1013000000,-1000000,822000000,2013-05-21,2.97,2.93,0.04,1.3652,pre-market
2013-01-31,USD,272000000,961000000,689000000,166000000,84000000,481000000,169000000,634000000,None,-7000000,None,7000000,None,1000000,42000000,6000000,84000000,13000000,7000000,65000000,71000000,84000000,97000000,71000000,USD,5089000000,1912000000,399000000,678000000,None,541000000,3265000000,599000000,None,2378000000,187000000,2191000000,854000000,88000000,279000000,536000000,112000000,2297000000,1596000000,213000000,694000000,None,183000000,305000000,None,499000000,None,None,499000000,267000000,202000000,2792000000,4986000000,4563000000,3186000000,296000000,USD,256000000,12000000,12000000,529000000,374000000,58000000,45000000,357000000,110000000,71000000,-2000000,-71000000,None,100000000,100000000,None,51000000,51000000,None,None,None,None,-32000000,None,183000000,0,71000000,2013-02-21,0.33,0.3,0.03,10,pre-market
2012-10-31,USD,108000000,639000000,531000000,139000000,-73000000,349000000,168000000,496000000,None,-8000000,None,8000000,None,2000000,40000000,5000000,-44000000,-25000000,8000000,-54000000,-15000000,-73000000,-31000000,-19000000,USD,4494000000,1334000000,216000000,558000000,None,184000000,3235000000,595000000,None,2392000000,201000000,2191000000,967000000,75000000,342000000,427000000,98000000,1749000000,1074000000,167000000,461000000,None,135000000,258000000,None,499000000,None,None,499000000,142000000,176000000,2745000000,4941000000,4543000000,3114000000,296000000,USD,-145000000,58000000,44000000,-185000000,129000000,54000000,70000000,1000000,-132000000,2000000,0,-33000000,None,100000000,100000000,None,50000000,50000000,None,None,None,None,-27000000,None,-177000000,1000000,-19000000,2012-11-15,-0.03,-0.06,0.03,50,pre-market
2012-07-31,USD,460000000,651000000,191000000,146000000,-47000000,272000000,128000000,468000000,None,-7000000,None,7000000,None,-3000000,41000000,2000000,-26000000,-30000000,7000000,-32000000,0,-47000000,-17000000,4000000,USD,4684000000,1523000000,393000000,744000000,None,183000000,3236000000,543000000,852000000,2413000000,213000000,1286000000,443000000,75000000,351000000,543000000,94000000,1940000000,1265000000,139000000,485000000,None,231000000,758000000,None,499000000,0,499000000,999000000,144000000,166000000,2744000000,4911000000,4612000000,3000000,295289000,USD,-182000000,386000000,7000000,-332000000,-61000000,57000000,71000000,-114000000,-385000000,-45000000,-143000000,-139000000,None,107000000,107000000,None,44000000,44000000,None,None,None,None,-103000000,None,-466000000,-2000000,4000000,2012-08-21,0.03,0.06,-0.03,-50,pre-market
2012-04-30,USD,1264000000,1933000000,669000000,145000000,1282000000,467000000,163000000,664000000,None,-12000000,None,12000000,None,9000000,42000000,4000000,1194000000,372000000,12000000,858000000,754000000,1282000000,1210000000,822000000,USD,5116000000,2330000000,859000000,1522000000,-325000000,294000000,2876000000,555000000,None,2021000000,138000000,1883000000,1645000000,90000000,663000000,509000000,102000000,2281000000,1587000000,209000000,410000000,None,467000000,779000000,None,499000000,None,None,499000000,218000000,195000000,2835000000,4878000000,4677000000,3007000000,295000000,USD,1278000000,19000000,19000000,32000000,-399000000,52000000,33000000,-297000000,400000000,734000000,-17000000,-679000000,None,207000000,207000000,None,45000000,45000000,None,None,None,None,-153000000,None,582000000,0,822000000,2012-05-17,2.51,2.48,0.03,1.2097,pre-market
2012-01-31,USD,354000000,1003000000,649000000,166000000,84000000,439000000,164000000,634000000,None,-16000000,None,16000000,None,3000000,44000000,4000000,133000000,62000000,16000000,65000000,118000000,84000000,153000000,71000000,USD,4962000000,2174000000,277000000,959000000,-330000000,592000000,2847000000,564000000,None,2020000000,134000000,1886000000,1652000000,59000000,682000000,542000000,104000000,2739000000,2053000000,212000000,626000000,500000000,500000000,765000000,None,999000000,None,None,999000000,258000000,187000000,2223000000,4752000000,3991000000,2975000000,297000000,USD,260000000,14000000,15000000,416000000,366000000,61000000,48000000,426000000,87000000,118000000,-15000000,-300000000,None,331000000,331000000,None,44000000,44000000,None,None,None,None,-270000000,None,-56000000,-1000000,71000000,2012-02-21,0.51,0.45,0.06,13.3333,pre-market
2011-10-31,USD,79000000,579000000,500000000,139000000,-73000000,328000000,163000000,496000000,None,-15000000,None,15000000,None,11000000,44000000,4000000,-49000000,-30000000,15000000,-54000000,-70000000,-73000000,-30000000,-19000000,USD,4683000000,1880000000,333000000,1051000000,-321000000,166000000,2862000000,560000000,None,2037000000,151000000,1886000000,1724000000,59000000,718000000,524000000,106000000,2322000000,1636000000,168000000,419000000,500000000,500000000,766000000,None,998000000,None,None,998000000,128000000,187000000,2361000000,4484000000,3917000000,2919000000,300000000,USD,-110000000,28000000,30000000,-168000000,73000000,72000000,44000000,-5000000,-151000000,-64000000,-50000000,-226000000,None,255000000,255000000,None,45000000,45000000,None,None,None,None,-210000000,None,-389000000,-3000000,-19000000,2011-11-17,-0.1,-0.12,0.02,16.6667,pre-market
2011-07-31,USD,429000000,593000000,164000000,159000000,-58000000,293000000,88000000,472000000,None,-15000000,None,15000000,None,0,44000000,-29000000,-55000000,2000000,15000000,-56000000,-57000000,-58000000,-69000000,-57000000,USD,5110000000,2254000000,722000000,1421000000,None,171000000,2923000000,561000000,963000000,2066000000,180000000,960000000,768000000,67000000,699000000,590000000,111000000,2494000000,1805000000,129000000,446000000,500000000,500000000,771000000,None,1999000000,500000000,499000000,1999000000,141000000,190000000,2616000000,4316000000,4031000000,3000000,300597000,USD,-172000000,274000000,None,-237000000,-7000000,63000000,59000000,-94000000,-283000000,-61000000,-283000000,-190000000,None,250000000,250000000,None,0,None,None,None,None,None,-200000000,None,-647000000,-2000000,-57000000,2011-08-18,0.02,None,None,None,pre-market
2011-04-30,USD,1210000000,1833000000,623000000,154000000,1102000000,444000000,164000000,583000000,None,-15000000,None,15000000,None,6000000,42000000,15000000,1098000000,364000000,15000000,732000000,692000000,1102000000,1128000000,734000000,USD,5567000000,2644000000,1369000000,1828000000,165000000,266000000,3004000000,565000000,None,2113000000,203000000,1910000000,1251000000,81000000,459000000,383000000,111000000,2746000000,2044000000,196000000,376000000,500000000,500000000,781000000,None,978000000,500000000,None,978000000,218000000,204000000,2821000000,4117000000,4088000000,2835000000,303000000,USD,1138000000,28000000,None,35000000,-347000000,61000000,31000000,-215000000,167000000,688000000,-24000000,-184000000,None,250000000,250000000,None,0,None,None,None,None,None,-180000000,None,936000000,6000000,734000000,2011-05-19,2.33,2.27,0.06,2.6432,pre-market
2011-01-31,USD,254000000,863000000,609000000,162000000,193000000,418000000,158000000,556000000,None,-15000000,None,15000000,None,6000000,41000000,16000000,147000000,29000000,15000000,119000000,72000000,193000000,178000000,118000000,USD,4979000000,2024000000,433000000,892000000,None,481000000,3044000000,576000000,None,2133000000,222000000,1911000000,None,89000000,459000000,528000000,109000000,2707000000,1504000000,199000000,None,None,237000000,1281000000,None,998000000,None,None,998000000,256000000,205000000,2272000000,3959000000,3400000000,2820000000,308000000,USD,258000000,0,None,375000000,314000000,61000000,84000000,333000000,42000000,73000000,519000000,-455000000,None,530000000,530000000,None,0,None,None,None,None,None,-466000000,None,321000000,-1000000,118000000,2011-02-17,0.32,0.3,0.02,6.6667,pre-market
2010-10-31,USD,37000000,517000000,480000000,123000000,-80000000,310000000,156000000,448000000,None,-15000000,None,15000000,None,8000000,37000000,15000000,-105000000,-41000000,15000000,-55000000,-69000000,-80000000,-75000000,-64000000,USD,4943000000,2010000000,112000000,1174000000,185000000,147000000,3022000000,547000000,None,2153000000,242000000,1911000000,None,89000000,1062000000,363000000,99000000,2328000000,1136000000,158000000,None,None,125000000,1259000000,None,998000000,None,None,1192000000,130000000,194000000,2615000000,3486000000,3327000000,2762000000,316000000,USD,-211000000,28000000,None,-95000000,146000000,56000000,51000000,12000000,-229000000,-70000000,285000000,-177000000,None,330000000,330000000,None,0,None,None,None,None,None,-176000000,None,-102000000,1000000,-64000000,2010-11-18,-0.12,-0.12,0,0,pre-market
2010-07-31,USD,385000000,537000000,152000000,152000000,-64000000,291000000,138000000,449000000,None,-15000000,None,15000000,None,1000000,37000000,17000000,-62000000,-14000000,15000000,-48000000,-48000000,-64000000,-30000000,-48000000,USD,5198000000,2295000000,214000000,1622000000,None,135000000,2994000000,510000000,882000000,256000000,256000000,1914000000,4000000,91000000,1408000000,511000000,91000000,2377000000,1221000000,143000000,None,None,301000000,1205000000,None,977000000,0,998000000,977000000,134000000,158000000,2821000000,3315000000,3397000000,3000000,313861000,USD,-151000000,282000000,None,505000000,2000000,58000000,63000000,65000000,-271000000,-64000000,-31000000,-32000000,None,150000000,150000000,None,None,None,None,None,None,None,-36000000,None,-216000000,-2000000,-48000000,2010-08-19,-0.05,-0.1,0.05,50,pre-market
2010-04-30,USD,1014000000,1592000000,578000000,162000000,1067000000,411000000,141000000,598000000,None,-15000000,None,15000000,None,5000000,36000000,15000000,990000000,302000000,15000000,692000000,579000000,1067000000,1020000000,688000000,USD,5427000000,2577000000,430000000,1929000000,168000000,204000000,2942000000,518000000,None,2105000000,252000000,1853000000,None,92000000,1499000000,275000000,91000000,2569000000,1407000000,166000000,None,None,469000000,1162000000,None,998000000,None,None,1162000000,187000000,164000000,2858000000,3266000000,3445000000,2668000000,314000000,USD,1044000000,28000000,None,-132000000,312000000,55000000,34000000,264000000,379000000,576000000,-934000000,-19000000,None,200000000,200000000,None,None,None,None,None,None,None,-24000000,None,93000000,2000000,688000000,2010-05-20,1.89,1.82,0.07,3.8462,pre-market
2010-01-31,USD,268000000,822000000,554000000,175000000,122000000,365000000,144000000,560000000,None,-15000000,None,15000000,None,2000000,36000000,27000000,119000000,46000000,15000000,80000000,115000000,122000000,161000000,73000000,USD,4778000000,1916000000,337000000,946000000,166000000,468000000,2954000000,518000000,None,2122000000,269000000,1853000000,None,92000000,609000000,313000000,87000000,2522000000,1354000000,159000000,None,None,137000000,1168000000,None,998000000,None,None,1168000000,234000000,170000000,2256000000,3220000000,2869000000,2599000000,314000000,USD,245000000,0,None,-320000000,-267000000,68000000,34000000,-318000000,72000000,138000000,-54000000,-168000000,None,250000000,250000000,None,None,None,None,None,None,None,-165000000,None,24000000,1000000,73000000,2010-02-18,0.38,0.32,0.06,18.75,pre-market
2009-10-31,USD,28000000,477000000,449000000,154000000,-94000000,263000000,141000000,455000000,None,-16000000,None,16000000,None,5000000,39000000,32000000,-112000000,-42000000,16000000,-64000000,-68000000,-94000000,-64000000,-70000000,USD,4454000000,1636000000,313000000,927000000,158000000,160000000,2910000000,522000000,None,2082000000,258000000,1824000000,None,92000000,614000000,293000000,81000000,2182000000,1020000000,114000000,None,None,118000000,1162000000,None,998000000,None,None,1162000000,140000000,164000000,2272000000,3059000000,2759000000,2565000000,320000000,USD,-140000000,28000000,None,109000000,-69000000,75000000,32000000,-13000000,-113000000,-68000000,22000000,-248000000,None,300000000,300000000,None,None,None,None,None,None,None,-235000000,None,-366000000,0,-70000000,2009-11-19,-0.1,-0.16,0.06,37.5,pre-market
2009-07-31,USD,264863000,475774000,210911000,156000000,-118000000,76581000,152000000,419000000,None,None,None,15125000,None,10000000,44000000,85551000,-122000000,-51000000,None,-72000000,-66000000,-118000000,-10255000,-71000000,,,,,,,,,,,,,,,,,,,,,,,,,,,,,,,,,,,,,,,,,,,,,,,,,,,,,,,,,,,,,,,,,,2009-08-20,-0.1,-0.12,0.02,16.6667,pre-market
2009-04-30,USD,1276716000,1434408000,157692000,164000000,765000000,75335000,130000000,488000000,None,None,None,12642000,None,6000000,36000000,63019000,759000000,274000000,None,485000000,496000000,765000000,843522000,485000000,,,,,,,,,,,,,,,,,,,,,,,,,,,,,,,,,,,,,,,,,,,,,,,,,,,,,,,,,,,,,,,,,,2009-05-20,1.68,1.61,0.07,4.3478,pre-market
2009-01-31,USD,612816000,790976000,178160000,168000000,111000000,71088000,140000000,494000000,None,None,None,11686000,None,6000000,36000000,65361000,104000000,19000000,None,86000000,76000000,111000000,193656000,85000000,,,,,,,,,,,,,,,,,,,,,,,,,,,,,,,,,,,,,,,,,,,,,,,,,,,,,,,,,,,,,,,,,,2009-02-19,0.34,0.27,0.07,25.9259,pre-market
2008-10-31,USD,321058000,481379000,160321000,149000000,-75000000,65097000,136000000,388000000,None,None,None,25610000,None,-1000000,33000000,60742000,-89000000,-37000000,None,-52000000,-59000000,-75000000,6311000,-52000000,,,,,,,,,,,,,,,,,,,,,,,,,,,,,,,,,,,,,,,,,,,,,,,,,,,,,,,,,,,,,,,,,,2008-11-19,-0.09,-0.12,0.03,25,pre-market
2008-07-31,,,,,,,,,,,,,,,,,,,,,,,,,,,,,,,,,,,,,,,,,,,,,,,,,,,,,,,,,,,,,,,,,,,,,,,,,,,,,,,,,,,,,,,,,,,2008-08-21,-0.08,-0.08,0,0,pre-market
2008-04-30,,,,,,,,,,,,,,,,,,,,,,,,,,,,,,,,,,,,,,,,,,,,,,,,,,,,,,,,,,,,,,,,,,,,,,,,,,,,,,,,,,,,,,,,,,,2008-05-20,1.39,1.33,0.06,4.5113,pre-market
2008-01-31,,,,,,,,,,,,,,,,,,,,,,,,,,,,,,,,,,,,,,,,,,,,,,,,,,,,,,,,,,,,,,,,,,,,,,,,,,,,,,,,,,,,,,,,,,,2008-02-21,0.4,0.36,0.04,11.1111,pre-market
2007-10-31,,,,,,,,,,,,,,,,,,,,,,,,,,,,,,,,,,,,,,,,,,,,,,,,,,,,,,,,,,,,,,,,,,,,,,,,,,,,,,,,,,,,,,,,,,,2007-11-15,-0.1,-0.12,0.02,16.6667,pre-market
2007-07-31,,,,,,,,,,,,,,,,,,,,,,,,,,,,,,,,,,,,,,,,,,,,,,,,,,,,,,,,,,,,,,,,,,,,,,,,,,,,,,,,,,,,,,,,,,,2007-08-22,-0.02,-0.05,0.03,60,pre-market
2007-04-30,,,,,,,,,,,,,,,,,,,,,,,,,,,,,,,,,,,,,,,,,,,,,,,,,,,,,,,,,,,,,,,,,,,,,,,,,,,,,,,,,,,,,,,,,,,2007-05-17,1.13,1.08,0.05,4.6296,pre-market
2007-01-31,,,,,,,,,,,,,,,,,,,,,,,,,,,,,,,,,,,,,,,,,,,,,,,,,,,,,,,,,,,,,,,,,,,,,,,,,,,,,,,,,,,,,,,,,,,2007-02-22,0.45,0.42,0.03,7.1429,pre-market
2006-10-31,,,,,,,,,,,,,,,,,,,,,,,,,,,,,,,,,,,,,,,,,,,,,,,,,,,,,,,,,,,,,,,,,,,,,,,,,,,,,,,,,,,,,,,,,,,2006-11-16,-0.12,-0.12,0,0,pre-market
2006-07-31,,,,,,,,,,,,,,,,,,,,,,,,,,,,,,,,,,,,,,,,,,,,,,,,,,,,,,,,,,,,,,,,,,,,,,,,,,,,,,,,,,,,,,,,,,,2006-08-22,-0.03,-0.04,0.01,25,pre-market
2006-04-30,,,,,,,,,,,,,,,,,,,,,,,,,,,,,,,,,,,,,,,,,,,,,,,,,,,,,,,,,,,,,,,,,,,,,,,,,,,,,,,,,,,,,,,,,,,2006-05-17,0.9,0.88,0.02,2.2727,pre-market
2006-01-31,,,,,,,,,,,,,,,,,,,,,,,,,,,,,,,,,,,,,,,,,,,,,,,,,,,,,,,,,,,,,,,,,,,,,,,,,,,,,,,,,,,,,,,,,,,2006-02-16,0.49,0.48,0.01,2.0833,pre-market
2005-10-31,,,,,,,,,,,,,,,,,,,,,,,,,,,,,,,,,,,,,,,,,,,,,,,,,,,,,,,,,,,,,,,,,,,,,,,,,,,,,,,,,,,,,,,,,,,2005-11-16,-0.13,-0.15,0.02,13.3333,pre-market
2005-07-31,,,,,,,,,,,,,,,,,,,,,,,,,,,,,,,,,,,,,,,,,,,,,,,,,,,,,,,,,,,,,,,,,,,,,,,,,,,,,,,,,,,,,,,,,,,2005-08-24,-0.04,-0.05,0.01,20,pre-market
2005-04-30,,,,,,,,,,,,,,,,,,,,,,,,,,,,,,,,,,,,,,,,,,,,,,,,,,,,,,,,,,,,,,,,,,,,,,,,,,,,,,,,,,,,,,,,,,,2005-05-17,0.78,0.77,0.01,1.2987,pre-market
2005-01-31,,,,,,,,,,,,,,,,,,,,,,,,,,,,,,,,,,,,,,,,,,,,,,,,,,,,,,,,,,,,,,,,,,,,,,,,,,,,,,,,,,,,,,,,,,,2005-02-17,0.41,0.38,0.03,7.8947,pre-market
2004-10-31,,,,,,,,,,,,,,,,,,,,,,,,,,,,,,,,,,,,,,,,,,,,,,,,,,,,,,,,,,,,,,,,,,,,,,,,,,,,,,,,,,,,,,,,,,,2004-11-17,-0.11,-0.13,0.02,15.3846,pre-market
2004-07-31,,,,,,,,,,,,,,,,,,,,,,,,,,,,,,,,,,,,,,,,,,,,,,,,,,,,,,,,,,,,,,,,,,,,,,,,,,,,,,,,,,,,,,,,,,,2004-08-18,-0.03,-0.04,0.01,25,pre-market
2004-04-30,,,,,,,,,,,,,,,,,,,,,,,,,,,,,,,,,,,,,,,,,,,,,,,,,,,,,,,,,,,,,,,,,,,,,,,,,,,,,,,,,,,,,,,,,,,2004-05-19,0.6,0.58,0.02,3.4483,pre-market
2004-01-31,,,,,,,,,,,,,,,,,,,,,,,,,,,,,,,,,,,,,,,,,,,,,,,,,,,,,,,,,,,,,,,,,,,,,,,,,,,,,,,,,,,,,,,,,,,2004-02-18,0.39,0.35,0.04,11.4286,pre-market
2003-10-31,,,,,,,,,,,,,,,,,,,,,,,,,,,,,,,,,,,,,,,,,,,,,,,,,,,,,,,,,,,,,,,,,,,,,,,,,,,,,,,,,,,,,,,,,,,2003-11-19,-0.12,-0.13,0.01,7.6923,pre-market
2003-07-31,,,,,,,,,,,,,,,,,,,,,,,,,,,,,,,,,,,,,,,,,,,,,,,,,,,,,,,,,,,,,,,,,,,,,,,,,,,,,,,,,,,,,,,,,,,2003-08-19,-0.02,-0.04,0.02,50,pre-market
2003-04-30,,,,,,,,,,,,,,,,,,,,,,,,,,,,,,,,,,,,,,,,,,,,,,,,,,,,,,,,,,,,,,,,,,,,,,,,,,,,,,,,,,,,,,,,,,,2003-05-14,0.53,0.51,0.02,3.9216,pre-market
2003-01-31,,,,,,,,,,,,,,,,,,,,,,,,,,,,,,,,,,,,,,,,,,,,,,,,,,,,,,,,,,,,,,,,,,,,,,,,,,,,,,,,,,,,,,,,,,,2003-02-13,0.31,0.28,0.03,10.7143,pre-market
2002-10-31,,,,,,,,,,,,,,,,,,,,,,,,,,,,,,,,,,,,,,,,,,,,,,,,,,,,,,,,,,,,,,,,,,,,,,,,,,,,,,,,,,,,,,,,,,,2002-11-13,-0.1,-0.12,0.02,16.6667,pre-market
2002-07-31,,,,,,,,,,,,,,,,,,,,,,,,,,,,,,,,,,,,,,,,,,,,,,,,,,,,,,,,,,,,,,,,,,,,,,,,,,,,,,,,,,,,,,,,,,,2002-08-14,-0.04,-0.06,0.02,33.3333,pre-market
2002-04-30,,,,,,,,,,,,,,,,,,,,,,,,,,,,,,,,,,,,,,,,,,,,,,,,,,,,,,,,,,,,,,,,,,,,,,,,,,,,,,,,,,,,,,,,,,,2002-05-15,0.38,0.36,0.02,5.5556,pre-market
2002-01-31,,,,,,,,,,,,,,,,,,,,,,,,,,,,,,,,,,,,,,,,,,,,,,,,,,,,,,,,,,,,,,,,,,,,,,,,,,,,,,,,,,,,,,,,,,,2002-02-13,0.31,0.29,0.02,6.8966,pre-market
2001-10-31,,,,,,,,,,,,,,,,,,,,,,,,,,,,,,,,,,,,,,,,,,,,,,,,,,,,,,,,,,,,,,,,,,,,,,,,,,,,,,,,,,,,,,,,,,,2001-11-15,-0.06,-0.08,0.02,25,pre-market
2001-07-31,,,,,,,,,,,,,,,,,,,,,,,,,,,,,,,,,,,,,,,,,,,,,,,,,,,,,,,,,,,,,,,,,,,,,,,,,,,,,,,,,,,,,,,,,,,2001-08-21,-0.04,-0.05,0.01,20,pre-market
2001-04-30,,,,,,,,,,,,,,,,,,,,,,,,,,,,,,,,,,,,,,,,,,,,,,,,,,,,,,,,,,,,,,,,,,,,,,,,,,,,,,,,,,,,,,,,,,,2001-05-22,0.28,0.27,0.01,3.7037,pre-market
2001-01-31,,,,,,,,,,,,,,,,,,,,,,,,,,,,,,,,,,,,,,,,,,,,,,,,,,,,,,,,,,,,,,,,,,,,,,,,,,,,,,,,,,,,,,,,,,,2001-02-20,0.24,0.22,0.02,9.0909,pre-market
2000-10-31,,,,,,,,,,,,,,,,,,,,,,,,,,,,,,,,,,,,,,,,,,,,,,,,,,,,,,,,,,,,,,,,,,,,,,,,,,,,,,,,,,,,,,,,,,,2000-11-21,-0.08,-0.08,0,0,pre-market
2000-07-31,,,,,,,,,,,,,,,,,,,,,,,,,,,,,,,,,,,,,,,,,,,,,,,,,,,,,,,,,,,,,,,,,,,,,,,,,,,,,,,,,,,,,,,,,,,2000-08-22,-0.02,-0.04,0.02,50,pre-market
2000-04-30,,,,,,,,,,,,,,,,,,,,,,,,,,,,,,,,,,,,,,,,,,,,,,,,,,,,,,,,,,,,,,,,,,,,,,,,,,,,,,,,,,,,,,,,,,,2000-05-23,0.18,0.16,0.02,12.5,pre-market
2000-01-31,,,,,,,,,,,,,,,,,,,,,,,,,,,,,,,,,,,,,,,,,,,,,,,,,,,,,,,,,,,,,,,,,,,,,,,,,,,,,,,,,,,,,,,,,,,2000-02-24,0.22,0.22,0,0,pre-market
1999-10-31,,,,,,,,,,,,,,,,,,,,,,,,,,,,,,,,,,,,,,,,,,,,,,,,,,,,,,,,,,,,,,,,,,,,,,,,,,,,,,,,,,,,,,,,,,,1999-11-23,-0.06,-0.09,0.03,33.3333,pre-market
1999-07-31,,,,,,,,,,,,,,,,,,,,,,,,,,,,,,,,,,,,,,,,,,,,,,,,,,,,,,,,,,,,,,,,,,,,,,,,,,,,,,,,,,,,,,,,,,,1999-08-26,-0.04,-0.06,0.02,33.3333,pre-market
1999-04-30,,,,,,,,,,,,,,,,,,,,,,,,,,,,,,,,,,,,,,,,,,,,,,,,,,,,,,,,,,,,,,,,,,,,,,,,,,,,,,,,,,,,,,,,,,,1999-05-25,0.13,0.12,0.01,8.3333,pre-market
1999-01-31,,,,,,,,,,,,,,,,,,,,,,,,,,,,,,,,,,,,,,,,,,,,,,,,,,,,,,,,,,,,,,,,,,,,,,,,,,,,,,,,,,,,,,,,,,,1999-02-25,0.24,0.22,0.02,9.0909,pre-market
1998-10-31,,,,,,,,,,,,,,,,,,,,,,,,,,,,,,,,,,,,,,,,,,,,,,,,,,,,,,,,,,,,,,,,,,,,,,,,,,,,,,,,,,,,,,,,,,,1998-11-24,-0.07,-0.07,0,0,pre-market
1998-07-31,,,,,,,,,,,,,,,,,,,,,,,,,,,,,,,,,,,,,,,,,,,,,,,,,,,,,,,,,,,,,,,,,,,,,,,,,,,,,,,,,,,,,,,,,,,1998-08-27,0.01,None,None,None,pre-market
1998-04-30,,,,,,,,,,,,,,,,,,,,,,,,,,,,,,,,,,,,,,,,,,,,,,,,,,,,,,,,,,,,,,,,,,,,,,,,,,,,,,,,,,,,,,,,,,,1998-05-18,0.03,0.03,0,0,pre-market
1998-01-31,,,,,,,,,,,,,,,,,,,,,,,,,,,,,,,,,,,,,,,,,,,,,,,,,,,,,,,,,,,,,,,,,,,,,,,,,,,,,,,,,,,,,,,,,,,1998-02-24,0.16,0.16,0,0,pre-market
1997-10-31,,,,,,,,,,,,,,,,,,,,,,,,,,,,,,,,,,,,,,,,,,,,,,,,,,,,,,,,,,,,,,,,,,,,,,,,,,,,,,,,,,,,,,,,,,,1997-11-25,-0.04,-0.05,0.01,20,pre-market
1997-07-31,,,,,,,,,,,,,,,,,,,,,,,,,,,,,,,,,,,,,,,,,,,,,,,,,,,,,,,,,,,,,,,,,,,,,,,,,,,,,,,,,,,,,,,,,,,1997-09-03,-0.03,-0.03,0,0,pre-market
1997-04-30,,,,,,,,,,,,,,,,,,,,,,,,,,,,,,,,,,,,,,,,,,,,,,,,,,,,,,,,,,,,,,,,,,,,,,,,,,,,,,,,,,,,,,,,,,,1997-05-29,0.03,0.03,0,0,pre-market
1997-01-31,,,,,,,,,,,,,,,,,,,,,,,,,,,,,,,,,,,,,,,,,,,,,,,,,,,,,,,,,,,,,,,,,,,,,,,,,,,,,,,,,,,,,,,,,,,1997-02-27,0.16,0.18,-0.02,-11.1111,pre-market
1996-10-31,,,,,,,,,,,,,,,,,,,,,,,,,,,,,,,,,,,,,,,,,,,,,,,,,,,,,,,,,,,,,,,,,,,,,,,,,,,,,,,,,,,,,,,,,,,1996-11-21,-0.05,-0.05,0,0,pre-market
1996-07-31,,,,,,,,,,,,,,,,,,,,,,,,,,,,,,,,,,,,,,,,,,,,,,,,,,,,,,,,,,,,,,,,,,,,,,,,,,,,,,,,,,,,,,,,,,,1996-09-16,-0.03,-0.03,0,0,pre-market
1996-04-30,,,,,,,,,,,,,,,,,,,,,,,,,,,,,,,,,,,,,,,,,,,,,,,,,,,,,,,,,,,,,,,,,,,,,,,,,,,,,,,,,,,,,,,,,,,1996-05-29,0.02,0.02,0,0,pre-market
1996-01-31,,,,,,,,,,,,,,,,,,,,,,,,,,,,,,,,,,,,,,,,,,,,,,,,,,,,,,,,,,,,,,,,,,,,,,,,,,,,,,,,,,,,,,,,,,,1996-02-29,0.14,0.14,0,0,pre-market
