fiscalDateEnding,reportedCurrency_x,grossProfit,totalRevenue,costOfRevenue,costofGoodsAndServicesSold,operatingIncome,sellingGeneralAndAdministrative,researchAndDevelopment,operatingExpenses,investmentIncomeNet,netInterestIncome,interestIncome,interestExpense,nonInterestIncome,otherNonOperatingIncome,depreciation,depreciationAndAmortization,incomeBeforeTax,incomeTaxExpense,interestAndDebtExpense,netIncomeFromContinuingOperations,comprehensiveIncomeNetOfTax,ebit,ebitda,netIncome_x,reportedCurrency_y,totalAssets,totalCurrentAssets,cashAndCashEquivalentsAtCarryingValue,cashAndShortTermInvestments,inventory,currentNetReceivables,totalNonCurrentAssets,propertyPlantEquipment,accumulatedDepreciationAmortizationPPE,intangibleAssets,intangibleAssetsExcludingGoodwill,goodwill,investments,longTermInvestments,shortTermInvestments,otherCurrentAssets,otherNonCurrentAssets,totalLiabilities,totalCurrentLiabilities,currentAccountsPayable,deferredRevenue,currentDebt,shortTermDebt,totalNonCurrentLiabilities,capitalLeaseObligations,longTermDebt,currentLongTermDebt,longTermDebtNoncurrent,shortLongTermDebtTotal,otherCurrentLiabilities,otherNonCurrentLiabilities,totalShareholderEquity,treasuryStock,retainedEarnings,commonStock,commonStockSharesOutstanding,reportedCurrency,operatingCashflow,paymentsForOperatingActivities,proceedsFromOperatingActivities,changeInOperatingLiabilities,changeInOperatingAssets,depreciationDepletionAndAmortization,capitalExpenditures,changeInReceivables,changeInInventory,profitLoss,cashflowFromInvestment,cashflowFromFinancing,proceedsFromRepaymentsOfShortTermDebt,paymentsForRepurchaseOfCommonStock,paymentsForRepurchaseOfEquity,paymentsForRepurchaseOfPreferredStock,dividendPayout,dividendPayoutCommonStock,dividendPayoutPreferredStock,proceedsFromIssuanceOfCommonStock,proceedsFromIssuanceOfLongTermDebtAndCapitalSecuritiesNet,proceedsFromIssuanceOfPreferredStock,proceedsFromRepurchaseOfEquity,proceedsFromSaleOfTreasuryStock,changeInCashAndCashEquivalents,changeInExchangeRate,netIncome_y,reportedDate,reportedEPS,estimatedEPS,surprise,surprisePercentage,reportTime
2024-02-29,USD,1918576000,15799514000,13880938000,10921045000,2046427000,2716633000,None,2959893000,65269000,-10305000,65269000,10305000,-26056000,-5652000,134997000,127851000,2061396000,386537000,10305000,1709202000,1644934000,2071701000,2199552000,1674859000,USD,51307471000,20328821000,5121107000,5125647000,1,11374099000,30978650000,1458836000,2730911000,20399865000,2452559000,17947306000,133841000,238934000,4540000,2122670000,3657585000,24184618000,16136014000,2228446000,6010992000,111141000,793694000,7215033000,2975805000,71635000,111141000,None,3158581000,1374109000,836889000,27122853000,8790812000,21151637000,72000,629016555,USD,2101043000,923645000,None,-1758517000,-244351000,262848000,109823000,-188896000,None,3804941000,-2208248000,-1865741000,None,1321846000,1321846000,None,812578000,812578000,None,None,None,None,-1036473000,None,None,None,1674859000,2024-03-21,2.77,2.66,0.11,4.1353,pre-market
2023-11-30,USD,2450237000,16224303000,13774066000,10776362000,2564887000,2743390000,None,2997704000,101980000,-14495000,101980000,14495000,-20280000,-35719000,133245000,114650000,2580116000,606672000,14495000,2009981000,2089330000,2594611000,2709261000,1973444000,USD,51531354000,23055576000,7140841000,7145438000,None,11467109000,28475778000,1467896000,2660216000,18380746000,2144304000,16236442000,125198000,198074000,4597000,2668779000,2882392000,24854603000,17280238000,2574700000,5094574000,104819000,788447000,6765679000,2933094000,42309000,104819000,None,830756000,1441090000,462530000,26676751000,8032018000,20429413000,72000,627996111,USD,498551000,563359000,None,-432985000,1519249000,247895000,68933000,836231000,836231000,4626634000,-855430000,-1551913000,0,1191128000,1191128000,None,810056000,810056000,None,None,None,None,-713694000,None,None,None,1973444000,2023-12-19,3.27,3.14,0.13,4.1401,pre-market
2023-08-31,USD,5181629000,15985200000,10803571000,10803571000,1912920000,2796826000,1298657000,4680020000,103627000,-17403000,103627000,17403000,-41235000,-40017000,173815000,112654000,1923878000,550915000,17403000,1408212000,1530785000,1941281000,2053935000,1372963000,USD,51245305000,23381931000,9045032000,9049607000,None,10690713000,27863374000,1530007000,2574685000,17645960000,2072957000,15573003000,23985000,197443000,4575000,2105138000,2811598000,25552466000,18009038000,2491173000,5561106000,104810000,795227000,6777674000,3001131000,43093000,104810000,None,147903000,1588678000,465024000,25692839000,7062512000,19316224000,72000,629922331,USD,3409388000,1356885000,None,760443000,-427897000,624678000,180294000,-497883000,-497883000,3321132000,-1367090000,-1480301000,0,1004553000,1004553000,None,706063000,706063000,None,None,None,None,-848121000,None,None,None,1372963000,2023-09-28,2.71,2.66,0.05,1.8797,pre-market
2023-05-31,USD,2255323000,16564585000,14309262000,11035515000,2359288000,2822909000,None,3273747000,81818000,-11208000,81818000,11208000,-72091000,201783000,165053000,103965000,2593342000,583346000,11208000,2048335000,2053343000,2604550000,2708515000,2009996000,USD,50128275000,23380073000,8535446000,8539928000,None,11005863000,26748202000,1534927000,2766344000,16400177000,1939083000,14461094000,69165000,176259000,4482000,2257485000,2808051000,24795844000,17092528000,2388474000,5788790000,10389000,700973000,6973818000,3041959000,43865000,10389000,None,3096213000,1580416000,539358000,25332431000,6127121000,18692118000,72000,631535162,USD,3289371000,455822000,None,641012000,149322000,269018000,141500000,51695000,51695000,4680016000,4991000,-972824000,0,788937000,788937000,None,707742000,707742000,None,None,None,None,-251921000,None,2321538000,None,2009996000,2023-06-22,3.19,3.04,0.15,4.9342,pre-market
2023-02-28,USD,1819233000,15814158000,13994925000,10979392000,1944581000,2645795000,None,3015533000,50259000,-11634000,38625000,11634000,7431000,-36300000,137742000,125348000,1919871000,396223000,11634000,1550683000,1635050000,1931505000,2056853000,1523648000,USD,47727289000,21060958000,6238787000,6242976000,1,10997530000,26666331000,1560691000,2694138000,16196602000,2005944000,14190658000,207302000,325251000,4189000,2318814000,2707460000,23964670000,16349522000,2470896000,5838662000,10815000,711385000,6920489000,3152531000,45155000,10815000,None,3208501000,1544993000,440970000,23762619000,5593010000,17500001000,72000,630845147,USD,2330111000,754989000,None,-1164336000,14157000,263090000,107548000,-250914000,-250914000,3497589000,-478297000,-1515341000,0,1118211000,1118211000,None,708022000,708022000,None,None,None,None,-776297000,None,336473000,None,1523648000,2023-03-23,2.69,2.5,0.19,7.6,pre-market
2022-11-30,USD,2481862000,15747802000,13265940000,10561660000,2593100000,2593042000,None,2704280000,44705000,-7280000,44705000,7280000,-29691000,-28907000,144049000,111238000,2570268000,605318000,7280000,1996300000,2099620000,2577548000,2688786000,1964950000,USD,47115774000,20672460000,5899703000,5903798000,1,11211048000,26443314000,1634074000,2575758000,15820700000,2030014000,13790686000,256740000,324382000,4095000,2158309000,2765867000,24141163000,16460246000,2417777000,5036650000,9430000,717293000,6989578000,3245495000,45122000,9430000,None,3300047000,1431329000,448444000,22974611000,5169967000,16981432000,72000,630137262,USD,495398000,563526000,None,-1143742000,971930000,255287000,98830000,609433000,609433000,4597918000,-782074000,-1676860000,0,1418702000,1418702000,None,705567000,705567000,None,None,None,None,-952995000,None,-1963536000,None,1964950000,2022-12-16,3.08,2.91,0.17,5.8419,pre-market
2022-08-31,USD,4946057000,15423656000,10477599000,10477599000,2268189000,2677868000,1123296000,3913636000,23087000,-12871000,23087000,12871000,-100813000,-33444000,152811000,112472000,2217704000,552576000,12871000,1692385000,1428932000,2230575000,2343047000,1665128000,USD,47263390000,21610871000,7889833000,7893806000,None,10484211000,25652519000,1659140000,2490187000,15064101000,1930808000,13133293000,164164000,317972000,3973000,1940290000,2667595000,25157293000,17523496000,2559485000,5190763000,9175000,55068000,6992806000,3270688000,0,9175000,None,55068000,1510925000,462233000,22106097000,6678037000,18203842000,72000,632095422,USD,3790110000,1291076000,None,1241532000,5959000,546152000,177051000,-182829000,-182829000,3960574000,-1408592000,-1101412000,0,605487000,605487000,None,613730000,613730000,None,None,None,None,-456274000,None,1280106000,None,1665128000,2022-09-22,2.6,2.57,0.03,1.1673,pre-market
2022-05-31,USD,2490833000,16158803000,13667970000,10844069000,2603118000,2711616000,None,2823901000,8727000,-12050000,8727000,12050000,-31285000,-8877000,150272000,112285000,2461383000,675308000,12050000,1819316000,1507414000,2473433000,2585718000,1786075000,USD,46095198000,21007740000,6703568000,6707890000,None,10816679000,25087458000,1665478000,2625468000,14320738000,1821295000,12499443000,256228000,331503000,4322000,2080776000,2537553000,24706104000,16562592000,2384352000,5295129000,8768000,742573000,7520883000,3428294000,51546000,8768000,None,3488608000,571185000,452792000,21389094000,6122402000,17177358000,72000,632749442,USD,3064655000,390218000,None,1197750000,909272000,262557000,194616000,794219000,794219000,4313940000,-666954000,-1103439000,0,972171000,972171000,None,613785000,613785000,None,None,None,None,-474197000,None,4464212000,None,1786075000,2022-06-23,2.94,2.85,0.09,3.1579,pre-market
2022-02-28,USD,1944392000,15046693000,13102301000,10522734000,2061580000,2462379000,None,2579567000,7269000,-11216000,7269000,11216000,-13048000,-7183000,149872000,117188000,2027863000,392921000,11216000,1657529000,1666693000,2039079000,2156267000,1634942000,USD,44317837000,19185130000,5466116000,5472147000,None,10342236000,25132707000,1656792000,2577785000,14271916000,1844093000,12427823000,319050000,336876000,6031000,2122107000,2610941000,23757814000,15540122000,2229221000,5409620000,9092000,737473000,7620736000,3491900000,52152000,9092000,None,3553144000,620907000,440369000,20560023000,5297349000,16028399000,72000,633956712,USD,2155493000,487252000,None,-436370000,821800000,267060000,164660000,446150000,None,3707979000,-272502000,-2036715000,0,1693354000,1693354000,None,616583000,616583000,None,None,None,None,-1400607000,None,3857851000,None,1634942000,2022-03-17,2.54,2.37,0.17,7.173,pre-market
2021-11-30,USD,2329670000,14965153000,12635483000,10048364000,2434294000,2482495000,None,2587119000,6050000,-11183000,5133000,11183000,-23479000,-23029000,138793000,104624000,2377426000,586402000,11183000,1819730000,1503285000,2388609000,2493233000,1791024000,USD,43674743000,18621652000,5637117000,5644085000,None,10032721000,25053091000,1654065000,2466716000,14341352000,1945448000,12395904000,287019000,325714000,6968000,1857166000,2690227000,23321544000,15232007000,2210163000,4707707000,9089000,747374000,7504078000,3412305000,55884000,9089000,None,3477278000,663246000,562928000,20353199000,4079625000,15110688000,72000,632280932,USD,530871000,387161000,None,-329340000,1604908000,243417000,181671000,1354195000,None,4225862000,-1912581000,-1069460000,0,845366000,845366000,None,613208000,613208000,None,None,None,None,-436236000,None,-2451170000,None,1791024000,2021-12-16,2.78,2.63,0.15,5.7034,pre-market
2021-08-31,USD,4466216000,13419284000,8953068000,8953068000,1958689000,2507527000,None,3707657000,9722000,-12977000,3255000,12977000,4000000,-37629000,134141000,81810000,1896630000,480382000,12977000,1437423000,1257508000,1909607000,1991417000,1416248000,USD,43175843000,19666511000,8168174000,8172468000,None,8796992000,23509332000,1639105000,2412449000,12836799000,1710938000,11125861000,378093000,329526000,4294000,1765831000,2455412000,23646389000,15708867000,2274057000,4929257000,12080000,65553000,7369862000,3441081000,0,12080000,None,65553000,1278136000,553839000,19529454000,3408491000,13988748000,72000,633546144,USD,2436432000,1265356000,None,472001000,260934000,514720000,236295000,159629000,None,3396112000,-2851316000,-1367785000,0,914648000,914648000,None,557930000,557930000,None,None,None,None,-788437000,None,3396112000,None,1416248000,2021-09-23,2.2,2.19,0.01,0.4566,pre-market
2021-05-31,USD,2024676000,13263795000,11239119000,8859411000,2118656000,2285728000,None,2379708000,4551000,-28739000,4551000,28739000,-13165000,-467000,124502000,93980000,2073855000,524429000,28739000,1569572000,1699107000,2102594000,2196574000,1549426000,USD,42124884000,21144858000,10009380000,10013813000,None,8637841000,20980026000,1538778000,2552204000,10361122000,1216809000,9144313000,344411000,327497000,4433000,1657604000,1843553000,22782039000,14929559000,1926910000,4929647000,9157000,742728000,7301361000,3377080000,61629000,9157000,None,3447866000,729499000,545994000,19342845000,4639423000,15004281000,72000,635203753,USD,2401150000,344477000,None,741403000,719787000,218482000,158212000,625060000,None,3661874000,-572688000,-1012368000,0,834995000,834995000,None,559070000,559070000,None,None,None,None,-442517000,None,3786376000,None,1549426000,2021-06-24,2.4,2.23,0.17,7.6233,pre-market
2021-02-28,USD,1579769000,12088125000,10508356000,8492893000,1653515000,1941717000,None,2015463000,8407000,-8922000,8407000,8922000,-3789000,109443000,119490000,73746000,1741809000,300950000,8922000,1461493000,1509623000,1750731000,1824477000,1440859000,USD,39985401000,19560720000,9166578000,9170096000,None,7986153000,20424681000,1500781000,2522213000,9960665000,1208546000,8752119000,263753000,306162000,3518000,1665232000,1781015000,21677374000,14090668000,1740395000,4866818000,9040000,742122000,7052306000,3406027000,59323000,9040000,None,3474390000,693839000,514221000,18308027000,3913917000,14035805000,72000,635993980,USD,2534721000,401591000,None,139415000,390098000,193236000,92510000,92449000,None,3222334000,-439355000,-1546733000,0,1184586000,1184586000,None,561042000,561042000,None,None,None,None,-976391000,None,3341824000,None,1440859000,2021-03-18,2.03,1.9,0.13,6.8421,pre-market
2020-11-30,USD,1823462000,11762185000,9938723000,7863889000,1890669000,2007627000,None,2074834000,10685000,-8854000,10685000,8854000,-28324000,94367000,133918000,67207000,1965086000,464810000,8854000,1522057000,1582911000,1973940000,2041147000,1500276000,USD,38268311000,18626094000,8594003000,8677151000,None,7799770000,19642217000,1506825000,2414951000,9208396000,1080985000,8127411000,370795000,298906000,83148000,1401232000,1669818000,20361810000,12819099000,1513442000,4193048000,8925000,741803000,7022996000,3360063000,59881000,8925000,None,3428869000,707072000,594833000,17906501000,3163841000,13276702000,72000,634271482,USD,1602845000,344628000,None,188129000,631700000,201125000,93115000,594475000,None,3507224000,-446407000,-999451000,0,768895000,768895000,None,558052000,558052000,None,None,None,None,-430004000,None,156987000,None,1500276000,2020-12-17,2.32,2.05,0.27,13.1707,pre-market
2020-08-31,USD,3440540000,10835271000,7394731000,7394731000,1544703000,1895837000,None,2834058000,7855000,-14069000,6214000,14069000,73597000,244866000,143224000,67610000,1765860000,477931000,14069000,1305424000,1719911000,1779929000,1847539000,1287929000,USD,37078593000,17749756000,8415330000,8509639000,None,7192110000,19328837000,1545568000,2313731000,8739038000,1029218000,7709820000,369966000,324514000,94309000,1393225000,1646018000,20078057000,12662590000,1349874000,4327672000,7820000,61872000,6916830000,3423641000,0,7820000,None,61872000,712197000,534421000,17000536000,2565761000,12375533000,72000,635887742,USD,3156134000,556525000,None,391191000,-840914000,293569000,188718000,-817865000,None,2850127000,-246342000,-1013542000,0,589892000,589892000,None,509201000,509201000,None,None,None,None,-484149000,None,1973069000,76819000,1287929000,2020-09-24,1.7,1.73,-0.03,-1.7341,pre-market
2020-05-31,USD,3528688000,10991305000,7462617000,7462617000,1712733000,1815955000,None,1878838000,12671000,-4961000,12671000,4961000,-17132000,-39670000,119148000,62883000,1656336000,428134000,4961000,1252639000,1036640000,1661297000,1724180000,1228202000,USD,35057319000,16146236000,6442261000,6445937000,None,7677366000,18911083000,1445183000,2238805000,8366600000,1032006000,7334594000,59781000,270984000,3676000,1354698000,1638024000,19042713000,11828281000,1405977000,4175342000,8697000,747339000,6745393000,3443182000,60342000,738642000,None,3512221000,604037000,405544000,16014606000,3085444000,12565857000,72000,636146240,USD,2741466000,375418000,None,666511000,-220229000,253308000,149981000,-224342000,None,1251121000,-884995000,-798050000,0,626688000,626688000,None,508913000,508913000,None,None,None,None,-277523000,None,1005805000,-52616000,1228202000,2020-06-25,1.9,1.85,0.05,2.7027,pre-market
2020-02-29,USD,3359171000,11141505000,7782334000,7782334000,1488945000,1870226000,None,1926025000,21386000,-8567000,21386000,8567000,-1461000,7792000,122592000,55799000,1492214000,257474000,8567000,1252082000,1212451000,1500781000,1556580000,1234740000,USD,33503430000,15405293000,5436456000,5440099000,None,7785957000,18098137000,1425432000,2191823000,7606811000,908121000,6698690000,140169000,284261000,3643000,1447245000,1506327000,18028841000,11177575000,1526135000,4223647000,6697000,744478000,6405049000,3390329000,13183000,737781000,None,3410209000,840243000,265616000,15474589000,2571256000,11867507000,72000,637485626,USD,1530641000,686335000,None,-925075000,170797000,442116000,165370000,-116165000,-1203367000,1250550000,-597289000,-1289276000,0,970056000,970056000,None,511238000,511238000,None,None,None,None,-770056000,None,-374081000,-18157000,1234740000,2020-03-19,1.91,1.72,0.19,11.0465,pre-market
2019-11-30,USD,3647759000,11358958000,7711199000,7711199000,1767263000,1880496000,None,1933868000,27419000,-5474000,27419000,5474000,56619000,11439000,97090000,53372000,1782447000,425479000,5474000,1375168000,1417577000,1787921000,1841293000,1356968000,USD,33170712000,15606104000,5810537000,5813840000,None,7908781000,17564608000,1386440000,2096462000,7129311000,829307000,6300004000,98125000,278765000,3303000,1214878000,1394191000,18003574000,11199408000,1581112000,3571825000,3698000,714485000,6370096000,3362438000,15935000,710787000,None,3382071000,817239000,282251000,15167138000,1977391000,11236275000,72000,635722309,USD,786911000,467644000,None,-455027000,501377000,399458000,95063000,436872000,-494194000,1373427000,-165893000,-948224000,0,729211000,729211000,None,508381000,508381000,None,None,None,None,-428811000,None,-316316000,10890000,1356968000,2019-12-19,2.09,2,0.09,4.5,pre-market
2019-08-31,USD,3434616000,11055650000,7621034000,7621034000,1571493000,1863123000,None,2714474000,27394000,-7491000,27394000,7491000,23866000,-30644000,118050000,51617000,1545631000,415204000,7491000,1145548000,756359000,1553122000,1604739000,1130427000,USD,29789880000,15450601000,6126853000,6130166000,None,7467338000,14339279000,1391166000,1956029000,7046329000,840779000,6205550000,88811000,240313000,3313000,1225364000,None,15380872000,11061896000,1646641000,3754059000,6411000,6411000,3900293000,None,16247000,6411000,None,22658000,504751000,3185590000,14409008000,1388376000,10421538000,72000,637049388,USD,2116253000,534756000,None,779068000,198469000,240168000,241260000,32564000,528324000,1145548000,-375868000,-351018000,0,406527000,406527000,None,0,0,None,None,None,None,-312535000,None,1357695000,-31672000,1130427000,2019-09-26,1.74,1.71,0.03,1.7544,pre-market
2019-05-31,USD,3528298000,11099688000,7571390000,7571390000,1717943000,1810355000,None,1855041000,21402000,-5348000,21402000,5348000,10319000,-29690000,109398000,44686000,1685174000,435658000,5348000,1268649000,1248020000,1690522000,1735208000,1249516000,USD,28156360000,14141660000,4769158000,4772496000,None,7544573000,14014700000,1341548000,2074736000,6922659000,843843000,6078816000,131648000,235286000,3338000,1235017000,1431695000,14419036000,10551987000,1562995000,None,4137000,4137000,3461415000,None,19855000,4137000,None,23992000,754266000,425554000,13737324000,3761010000,11709317000,72000,637831341,USD,2123542000,407138000,None,571727000,99857000,221309000,140261000,11797000,415759000,1266973000,-655165000,-1122062000,0,488453000,488453000,None,931515000,931515000,None,None,None,None,-180277000,None,304269000,-42046000,1249516000,2019-06-27,1.93,1.89,0.04,2.1164,pre-market
2019-02-28,USD,3054349000,10454129000,7399780000,7399780000,1386626000,1667723000,None,1708477000,19081000,-5619000,19081000,5619000,28945000,-23834000,110635000,40754000,1359983000,235534000,5619000,1140720000,1135982000,1365602000,1406356000,1124449000,USD,27390208000,13833300000,4464889000,4468000000,None,7579589000,13556908000,1282765000,2027164000,6514739000,731883000,5782856000,32656000,229085000,3111000,1213889000,1280128000,14053175000,10219049000,1472130000,None,4365000,4365000,3442614000,None,19753000,4365000,None,24118000,835431000,437285000,13337033000,3357665000,11421964000,72000,638639729,USD,1359650000,348213000,None,-616417000,118845000,219598000,139797000,-54946000,-870606000,1139071000,-451675000,-831923000,0,1007807000,1007807000,None,0,0,None,None,None,None,-827712000,None,101099000,25047000,1124449000,2019-03-28,1.73,1.57,0.16,10.1911,pre-market
2018-11-30,USD,3297425000,10605546000,7308121000,7308121000,1629012000,1668413000,None,1708506000,19631000,-4505000,None,4505000,-48983000,-33654000,102713000,40093000,1593880000,319160000,4505000,1291324000,1374345000,1598385000,1638478000,1274720000,USD,26706412000,13540408000,4363790000,4366906000,None,7450798000,13166004000,1243268000,1928809000,6219615000,696928000,5522687000,80782000,231980000,3116000,1150445000,1219542000,14027556000,10176335000,1355538000,None,4727000,4727000,3474509000,None,19896000,4727000,None,24623000,809765000,423288000,12678856000,2748448000,10384064000,72000,638877445,USD,1027508000,297166000,None,2250000,695303000,211685000,77691000,536882000,-139050000,1289436000,-272868000,-1462168000,0,788327000,788327000,None,932838000,932838000,None,None,None,None,-522145000,None,-697570000,9958000,1274720000,2018-12-20,1.96,1.86,0.1,5.3763,pre-market
2018-08-31,USD,3237656000,10503987000,7266331000,7419118000,1469684000,1770460000,790779000,2603988000,22755000,-5153000,None,5153000,179993000,-30672000,108061000,42749000,1437767000,408243000,5153000,1048371000,797054000,1442920000,1485669000,1029524000,USD,24449083000,13585559000,5061360000,5064552000,None,4996454000,10863524000,1264020000,1862098000,6070122000,687110000,5383012000,23599000,215532000,3192000,1024639000,1185993000,14084330000,10151751000,1348802000,3455806000,5337000,25013000,3572744000,None,0,5337000,None,25013000,892873000,441723000,10364753000,2116948000,7952413000,72000,640575241,USD,2109258000,259276000,None,793868000,156627000,235090000,179383000,58489000,557145000,1048371000,-374968000,-531616000,0,551824000,551824000,None,0,0,None,None,None,None,-465508000,None,1132515000,-70159000,1029524000,2018-09-27,1.58,1.56,0.02,1.2821,pre-market
2018-05-31,USD,3332015000,10694996000,7362981000,7362981000,1634875000,1699402000,None,1740281000,12687000,-5839000,None,5839000,-84480000,-29165000,101814000,40879000,1597437000,554417000,5839000,1058141000,765585000,1603276000,1644155000,1043020000,USD,23250793000,12336872000,3928845000,3932106000,None,4986652000,10913921000,1228946000,2028174000,5963532000,688239000,5275293000,29766000,208557000,3261000,958067000,1160086000,13453468000,9553596000,1388989000,3380139000,2840000,2840000,3544461000,None,25958000,2840000,None,28798000,508980000,399497000,9797325000,3201012000,8296830000,72000,639217344,USD,1987538000,467254000,None,736379000,273791000,238389000,173556000,184853000,695576000,1051144000,-270001000,-1295188000,0,720185000,720185000,None,855110000,855110000,None,None,None,None,-436580000,None,333766000,-88583000,1043020000,2018-06-28,1.79,1.72,0.07,4.0698,pre-market
2018-02-28,USD,2859540000,9909238000,7049698000,7049698000,1296044000,1565630000,None,1607561000,9459000,-3840000,None,3840000,-56316000,-56866000,107445000,41931000,1188960000,325257000,3840000,919540000,930590000,1192800000,1234731000,863703000,USD,23132979000,12284948000,3595079000,3598497000,None,5030698000,10848031000,1196195000,2042405000,6015022000,728825000,5286197000,101776000,218509000,3418000,1175150000,1231826000,13450292000,9367912000,1367464000,3587283000,2914000,2914000,3326641000,None,25923000,2914000,None,28837000,496003000,389585000,9682687000,2552028000,8149090000,71000,617854667,USD,924057000,355672000,None,-657943000,-82432000,220664000,132896000,-119760000,-897969000,882139000,-345676000,-703204000,0,803947000,803947000,None,0,0,None,None,None,None,-660452000,None,-86632000,38191000,863703000,2018-03-22,1.58,1.49,0.09,6.0403,pre-market
2017-11-30,USD,3064153000,9884313000,6820160000,6820160000,1498176000,1566380000,None,1611008000,11436000,-4707000,None,4707000,-9534000,-10781000,106151000,44628000,1429242000,305582000,4707000,1188542000,1085291000,1433949000,1478577000,1123660000,USD,22974153000,12303841000,3681711000,3682393000,None,4981084000,10670312000,1158960000,1964127000,5770683000,692179000,5078504000,199439000,227189000,682000,1163493000,1189653000,13872023000,9863026000,1316930000,3182899000,2979000,2979000,3217690000,None,22226000,2979000,None,25205000,411047000,358837000,9102130000,2046811000,7339188000,71000,615835525,USD,1005838000,310715000,None,155406000,778920000,232633000,133352000,587222000,215136000,1139409000,-258959000,-1179020000,0,563138000,563138000,None,853614000,853614000,None,None,None,None,-323408000,None,-445149000,-13008000,1123660000,2017-12-21,1.79,1.67,0.12,7.1856,pre-market
2017-08-31,USD,2886673000,9640906000,6754233000,6754233000,1296562000,1590111000,704317000,2331840000,12366000,-4908000,None,4908000,128874000,-64874000,107010000,41267000,1241280000,308827000,4908000,983174000,1173192000,1246188000,1287455000,932453000,USD,22689890000,12097289000,4126860000,4129871000,None,4569214000,10592601000,1140598000,1912146000,5712734000,710382000,5002352000,189066000,211610000,3011000,1082161000,1226331000,13740413000,9824279000,1525065000,3332768000,2907000,25070000,3155411000,None,0,2907000,None,25070000,857938000,349363000,8949477000,1649090000,7081855000,71000,617515125,USD,1941882000,484436000,None,341809000,-87512000,232069000,191146000,-164892000,351359000,983174000,-652394000,-592564000,0,656846000,656846000,None,0,0,None,None,None,None,-581721000,None,744652000,47728000,932453000,2017-09-28,1.48,1.47,0.01,0.6803,pre-market
2017-05-31,USD,2909631000,9356787000,6447156000,6447156000,865435000,1534403000,None,1567859000,8549000,-3613000,None,3613000,97277000,-4213000,86148000,41698000,839067000,169599000,3613000,704801000,1073296000,842680000,884378000,669468000,USD,21135592000,11205735000,3382208000,3384847000,None,4474415000,9929857000,1041006000,1915058000,5253748000,642752000,4610996000,216548000,199465000,2639000,1079163000,1167013000,12968236000,9154325000,1291138000,3242854000,2942000,2942000,3104607000,None,24732000,2942000,None,27674000,399194000,320652000,8167356000,4109376000,8844773000,72000,619436804,USD,1792572000,209559000,None,448369000,312394000,194480000,135811000,-66196000,308223000,681777000,-547697000,-1123576000,0,588622000,588622000,None,782451000,782451000,None,None,None,None,-338603000,None,143346000,22047000,669468000,2017-06-22,1.52,1.52,0,0,pre-market
2017-02-28,USD,2504156000,8762182000,6258026000,6258026000,1138653000,1365503000,None,1411176000,8728000,-3976000,None,3976000,7431000,-12546000,84639000,33324000,1070054000,231302000,3976000,887208000,954619000,1074030000,1107354000,838752000,USD,20078773000,10764002000,3238862000,3241364000,None,4452252000,9314771000,968433000,1832022000,4797070000,573063000,4224007000,145904000,190358000,2502000,958745000,1111048000,12114528000,8352773000,1212800000,3199443000,2944000,2944000,3110851000,None,24546000,2944000,None,27490000,386074000,291117000,7964245000,3600403000,8953190000,72000,621999948,USD,154703000,392963000,None,-1074284000,127300000,187807000,104409000,-38854000,-1448879000,849247000,-344166000,-681320000,0,815648000,815648000,None,0,0,None,None,None,None,-677458000,None,-838196000,32587000,838752000,2017-03-23,1.33,1.3,0.03,2.3077,pre-market
2016-11-30,USD,2730032000,9005603000,6275571000,6275571000,1331959000,1398073000,None,1431201000,8297000,-3048000,None,3048000,-138094000,-6087000,85020000,33128000,1275848000,271372000,3048000,1059749000,810978000,1278896000,1312024000,1004476000,USD,20443741000,11368406000,4077058000,4079569000,None,4298605000,9075335000,928900000,1752468000,4560052000,551292000,4008760000,103039000,239470000,2511000,819829000,1041237000,13026648000,9170082000,1163348000,2814362000,2773000,2773000,3239508000,None,24562000,27335000,None,27335000,515729000,300173000,7417093000,2990628000,8113539000,72000,621569764,USD,1083882000,217581000,None,328929000,500841000,187433000,84553000,343264000,504079000,1013297000,-689622000,-1162775000,0,587935000,587935000,None,785127000,785127000,None,None,None,None,-375224000,None,-828551000,-60036000,1004476000,2016-12-21,1.58,1.49,0.09,6.0403,pre-market
2016-08-31,USD,2655540000,8965580000,6310040000,6310040000,1195198000,1460342000,643407000,1838686000,8952000,-3952000,None,3952000,278512000,-36531000,None,30183000,1397358000,328132000,3952000,1130781000,800112000,1401310000,1431493000,1069226000,USD,20609004000,11976222000,4905609000,4908484000,None,4072180000,8632782000,956542000,1730025000,4119588000,510151000,3609437000,114785000,198633000,2875000,845339000,989494000,13053742000,8878924000,1280821000,3119540000,2773000,27230000,3540704000,None,0,2773000,None,27230000,468529000,304917000,7555262000,2591907000,7879960000,72000,622555642,USD,2065959000,None,None,740478000,-120200000,193415000,160066000,-225245000,437721000,1130781000,-62472000,-598658000,0,639939000,639939000,None,0,0,None,None,None,None,-574574000,None,1407731000,2902000,1069226000,2016-09-29,1.31,1.3,0.01,0.7692,pre-market
2016-05-31,USD,2689552000,8969044000,6279492000,6279492000,1305943000,1383609000,None,1413944000,7679000,-3711000,None,3711000,16242000,-16207000,None,30335000,1240668000,343421000,3711000,950283000,1026274000,1244379000,1274714000,897247000,USD,19191047000,11576011000,3497878000,3500747000,891390000,4303642000,7615036000,883609000,1784921000,4043551000,505404000,3538147000,52930000,132427000,2869000,743396000,1054513000,12063722000,8161133000,1133430000,3121023000,2072000,2072000,3323356000,None,26801000,2072000,None,28873000,472071000,304114000,7127325000,13218075000,15090815000,76000,623725913,USD,1593989000,None,None,531358000,305534000,181010000,93655000,266762000,497100000,907709000,-177245000,-974355000,0,478289000,478289000,None,717462000,717462000,None,None,None,None,-255464000,None,463219000,20830000,897247000,2016-06-23,1.41,1.41,0,0,pre-market
2016-02-29,USD,2369816000,8397053000,6027237000,6027237000,1088044000,1281772000,None,757835000,6727000,-4543000,None,4543000,569155000,-21213000,None,29640000,1549254000,222734000,4543000,1399858000,1294360000,1553797000,1583437000,1326520000,USD,18147778000,10678800000,3034659000,3037479000,868631000,3986141000,7468978000,856403000,1693320000,4033234000,531815000,3501419000,63259000,61037000,2820000,766136000,1059639000,11336117000,7573179000,1103343000,3058612000,1784000,1784000,3201083000,None,26866000,None,None,28650000,496293000,332720000,6811661000,12790718000,14915912000,76000,626523793,USD,364195000,None,None,-806272000,149844000,172745000,148068000,-51492000,-1430936000,1336479000,335859000,-720220000,0,828950000,828950000,None,0,0,None,None,None,None,-708068000,None,-38534000,-18368000,1326520000,2016-03-24,1.34,1.18,0.16,13.5593,pre-market
2015-11-30,USD,2562519000,8465984000,5903465000,5903465000,1221260000,1341259000,None,1341259000,7126000,-4052000,None,4052000,-72977000,4029000,None,27724000,1178581000,359682000,4052000,868681000,741398000,1182633000,1210357000,818899000,USD,17993875000,10623048000,3073193000,3075921000,776211000,4061037000,7370827000,804012000,1683944000,4044550000,522722000,3521828000,58393000,44179000,2728000,745271000,1038949000,12093450000,8472398000,1094821000,2622040000,1848000,1848000,3116065000,None,25807000,None,None,27655000,565510000,288225000,5900425000,12048228000,13582445000,76000,626463124,USD,643257000,None,None,135253000,624826000,181882000,94777000,380043000,-33381000,829105000,-706492000,-1195985000,0,657811000,657811000,None,720676000,720676000,None,None,None,None,-475526000,None,-1287573000,-28353000,818899000,2015-12-17,1.35,1.32,0.03,2.2727,pre-market
2015-08-31,USD,2504405000,8364511000,5860106000,5860106000,1093608000,1410797000,625541000,2135971000,8111000,-3832000,None,3832000,9140000,-16426000,None,28891000,1030964000,293336000,3832000,788125000,577924000,1034796000,1063687000,737628000,USD,18202647000,10700074000,4360766000,4363214000,None,3840920000,7502573000,801884000,1648968000,3394740000,464907000,2929833000,36661000,45027000,2448000,611436000,964918000,12068922000,8491006000,1151464000,2776072000,1848000,27435000,3064070000,None,0,1848000,None,27435000,562432000,317956000,6133725000,11472400000,13470008000,76000,624715181,USD,1588612000,None,None,954139000,566602000,173763000,148037000,113661000,296853000,788125000,-494489000,-692385000,0,664015000,664015000,None,0,0,None,None,None,None,-606205000,None,334577000,-67161000,737628000,2015-09-24,1.15,1.12,0.03,2.6786,pre-market
2015-05-31,USD,2524905000,8275066000,5750161000,5750161000,1133519000,1327004000,None,1327004000,6441000,-4030000,None,4030000,-67040000,-3839000,None,23164000,1075558000,281861000,4030000,850230000,674319000,1079588000,1102752000,793697000,USD,17308727000,11069521000,4026189000,4028572000,865472000,3717048000,6239206000,752362000,1769090000,3088922000,419750000,2669172000,68318000,43763000,2383000,627342000,896684000,11397513000,7888442000,1040645000,2648494000,1000,1000,2954054000,None,27217000,None,None,27218000,465164000,280416000,5911214000,10897911000,12741223000,76000,625969418,USD,1413364000,None,None,391553000,115510000,153405000,113554000,102419000,506583000,803947000,-424948000,-1002658000,0,518176000,518176000,None,674735000,674735000,None,None,None,None,-331024000,None,-35211000,-20969000,793697000,2015-06-25,1.3,1.23,0.07,5.6911,pre-market
2015-02-28,USD,2240639000,7931590000,5690951000,5690951000,1021033000,1219606000,None,1219606000,9340000,-3905000,None,3905000,-67060000,-21508000,None,19856000,952494000,261768000,3905000,743192000,598545000,956399000,976255000,690726000,USD,16991565000,11007808000,4061400000,4064019000,None,3688052000,5983757000,725917000,1754052000,2818931000,381336000,2437595000,103695000,50130000,2619000,768384000,959689000,11000714000,7493986000,984539000,2811047000,191000,191000,2947936000,None,27033000,None,None,27224000,461110000,276136000,5990851000,10462277000,12615316000,76000,628254759,USD,301287000,None,None,-713907000,16116000,152236000,81568000,-14472000,-1115142000,702139000,-161734000,-464402000,0,600631000,600631000,None,0,0,None,None,None,None,-487466000,None,-410947000,-86098000,690726000,2015-03-26,1.08,1.07,0.01,0.9346,pre-market
2014-11-30,USD,2539290000,8343257000,5803967000,5803967000,1187709000,1351581000,None,1351581000,10099000,-2811000,None,2811000,-105530000,-2979000,None,27722000,1131306000,299776000,2811000,892242000,662769000,1134117000,1161839000,831530000,USD,17630033000,11576245000,4472347000,4474806000,None,3779792000,6053788000,740496000,1751879000,2788349000,389041000,2399308000,30557000,60321000,2459000,706328000,947899000,12148532000,8137403000,947270000,2695604000,4000,4000,3476266000,None,26786000,None,None,26790000,547458000,312937000,5481501000,9983784000,11928129000,76000,628439218,USD,872900000,None,None,384945000,588530000,166519000,51858000,225517000,-150821000,841606000,-89213000,-1126877000,0,670167000,670167000,None,678736000,678736000,None,None,None,None,-474145000,None,-448958000,-105768000,831530000,2014-12-18,1.29,1.2,0.09,7.5,pre-market
2014-08-31,USD,2468620000,8267319000,5798699000,5798699000,1079365000,1389255000,639513000,2211219000,8141000,-5325000,None,5325000,-11587000,5877000,None,164079000,1028906000,327890000,5325000,760168000,535480000,1034231000,1257462000,701016000,USD,17930452000,11904442000,4921305000,4923907000,None,3859567000,6026010000,793444000,1752965000,2793774000,397880000,2395894000,22458000,66783000,2602000,585381000,959840000,12198417000,8158079000,1064228000,2892865000,330000,26733000,3487036000,None,0,26733000,None,26733000,625098000,305770000,5732035000,9423202000,11758131000,76000,631249362,USD,1649212000,None,None,727707000,125990000,164079000,101457000,206139000,426125000,760168000,-164873000,-584841000,0,657567000,657567000,None,0,0,None,None,None,None,-586838000,None,872446000,-27052000,701016000,2014-09-24,1.08,1.1,-0.02,-1.8182,pre-market
2014-05-31,USD,2536357000,8240180000,5703823000,5703823000,1178766000,1357591000,None,1340842000,7513000,-4290000,None,4290000,21039000,-6051000,None,162197000,1111461000,294125000,4290000,881813000,977425000,1115751000,1342425000,817336000,USD,17002384000,11134693000,4048859000,4051546000,818747000,3804826000,5867691000,786599000,1835013000,2354811000,2354811000,2354811000,20340000,70405000,2687000,694339000,914549000,11398753000,7616168000,957633000,None,139000,139000,3240918000,None,26534000,None,None,26673000,552405000,317217000,5603631000,8850092000,11064794000,76000,633128417,USD,1363260000,None,None,312823000,210575000,162197000,85287000,222822000,488803000,830290000,-148327000,-865980000,0,441115000,441115000,None,624682000,624682000,None,None,None,None,-246167000,None,368585000,19632000,817336000,2014-06-26,1.26,1.21,0.05,4.1322,pre-market
2014-02-28,USD,2230142000,7567483000,5337341000,5337341000,951282000,1278860000,None,1271775000,7960000,-4348000,None,4348000,11433000,-4766000,None,149140000,899097000,227797000,4348000,722331000,690513000,903445000,1103616000,671300000,USD,16357209000,10633880000,3680274000,3682980000,835845000,3588189000,5723329000,783961000,1767443000,2312145000,2312145000,2312145000,11043000,43350000,2706000,796371000,901519000,11084894000,7288358000,936315000,None,167000,167000,3282164000,None,26322000,None,None,26489000,559341000,377924000,5272315000,8490521000,10871320000,76000,635929351,USD,292380000,None,None,-565260000,243114000,149140000,76167000,2455000,-878922000,679482000,-547659000,-576079000,0,739238000,739238000,None,0,0,None,None,None,None,-626651000,None,-846924000,-15566000,671300000,2014-03-27,1.03,1.04,-0.01,-0.9615,pre-market
2013-11-30,USD,2449347000,7799696000,5350349000,5350349000,1091099000,1376263000,None,1292878000,6756000,-3658000,None,3658000,87043000,-10620000,None,145327000,1023777000,271931000,3658000,811646000,918878000,1027435000,1214547000,751846000,USD,16515938000,11291459000,4527198000,4529792000,None,3506187000,5224479000,779247000,1708458000,1931120000,1931120000,1931120000,28367000,43536000,2594000,723893000,817175000,11588107000,7828743000,982733000,None,0,683638000,3270934000,None,25943000,None,None,25943000,692947000,380724000,4927831000,7914576000,10200630000,75000,636695545,USD,181233000,None,None,-422106000,542337000,145327000,58959000,273116000,-615063000,762548000,-195552000,-1138516000,0,721514000,721514000,None,630234000,630234000,None,None,None,None,-541281000,None,-1104687000,48148000,751846000,2013-12-19,1.13,1.09,0.04,3.6697,pre-market
2013-08-31,USD,2349600000,7524994000,5175394000,5175394000,983503000,1365613000,715094000,2082964000,7016000,-2257000,None,2257000,70325000,-23358000,None,153707000,908578000,237577000,2257000,727327000,470406000,910835000,1121352000,671001000,USD,16867049000,11844178000,5631885000,5634410000,None,3333126000,5022871000,779675000,1608211000,1818586000,325951000,1818586000,1317000,43631000,2525000,568277000,789218000,11906863000,8160990000,961851000,2748012000,0,575248000,3278230000,None,25600000,26000000,None,25600000,908852000,463403000,4960186000,7326079000,10069844000,75000,642359475,USD,1275510000,None,None,405504000,129314000,153707000,102229000,-43998000,255239000,727327000,-532586000,-1023636000,19000,1096814000,1096814000,None,0,0,None,None,None,None,-1039096000,None,-306200000,-25488000,671001000,2013-09-26,1.01,1.01,0,0,pre-market
2013-05-31,USD,2438019000,7707935000,5269916000,5269916000,1141971000,1345272000,None,1348860000,7251000,-3588000,None,3588000,-59586000,951000,None,142131000,1082780000,272522000,3588000,874063000,646700000,1086368000,1243080000,810258000,USD,16523758000,12078919000,5938085000,5940571000,None,3375047000,4444839000,798915000,1699087000,1472955000,1472955000,1472955000,None,55577000,2486000,564407000,606348000,11198891000,7630622000,922658000,2758078000,0,605112000,3083076000,None,None,None,None,None,575930000,342706000,5324867000,6310666000,9404277000,75000,650625931,USD,1502209000,None,None,416285000,-10911000,142131000,90576000,-52382000,249389000,874063000,-151229000,-998907000,0,617749000,617749000,None,561603000,561603000,None,None,None,None,-436500000,None,301999000,-50074000,810258000,2013-06-27,1.14,1.13,0.01,0.885,pre-market
2013-02-28,USD,2230363000,7493320000,5262957000,5262957000,1164532000,1289598000,None,1293239000,9859000,-3641000,None,3641000,-15764000,10599000,None,157266000,1096053000,-5749000,3641000,1187098000,1023607000,1099694000,1118489000,1101802000,USD,16358730000,12016949000,5636086000,5636490000,731346000,3518104000,4341781000,810896000,1692729000,1439238000,1439238000,1439238000,None,45827000,404000,673211000,654479000,10906381000,7365474000,883048000,2846133000,13000,13000,3053385000,None,16000,None,None,29000,637872000,316150000,5452349000,5767788000,9157797000,75000,649520337,USD,634224000,None,None,-639420000,6217000,157266000,90241000,-12314000,None,1187098000,-176663000,-465424000,0,608958000,608958000,None,0,0,None,None,None,None,-496719000,None,-42806000,-34943000,1101802000,2013-03-28,1,0.97,0.03,3.0928,pre-market
2012-11-30,USD,2366193000,7668036000,5301843000,5301843000,1048674000,1317054000,None,1321603000,8767000,-4549000,None,4549000,36687000,-6436000,None,139924000,979242000,280425000,4549000,766031000,766567000,983791000,1197830000,698817000,USD,16408020000,12013526000,5678892000,5681241000,None,3501506000,4394494000,799443000,1637839000,1386630000,1386630000,1386630000,None,27902000,2349000,670360000,753032000,11901387000,7977359000,890233000,2663731000,13000,13000,3436689000,None,19000,None,None,32000,882991000,314239000,4506633000,5345228000,8060240000,75000,639659238,USD,-108815000,None,None,-740061000,415900000,139924000,86547000,418388000,None,766031000,-295737000,-577662000,0,220831000,220831000,None,560135000,560135000,None,None,None,None,-56225000,None,-961634000,20580000,698817000,2012-12-19,1.06,1.04,0.02,1.9231,pre-market
2012-08-31,USD,2248890000,7288259000,5039369000,5039369000,940350000,1308107000,559611000,1870904000,11488000,-3186000,None,3186000,None,-2498000,None,178909000,888281000,309999000,3186000,636155000,496688000,891467000,1131180000,578282000,USD,16665415000,12587931000,6640526000,6642787000,None,3080877000,4077484000,779494000,1548256000,1215383000,1215383000,1215383000,None,28180000,2261000,778701000,695568000,12519582000,8109205000,903847000,2828816000,11000,11000,3931782000,None,22000,None,None,33000,908392000,322596000,4145833000,5285625000,7904242000,74000,636064228,USD,1708191000,None,None,515505000,-185751000,178909000,115258000,-336477000,None,636155000,-112615000,-642984000,-5213000,695741000,695741000,None,0,0,None,None,None,None,-639019000,None,1011867000,59275000,578282000,2012-09-27,0.88,0.88,0,0,pre-market
2012-05-31,USD,2370905000,7640790000,5269885000,5269885000,1060761000,1309709000,None,1313206000,11304000,-3497000,None,3497000,None,-2115000,None,135001000,992841000,303622000,3497000,762831000,374789000,996338000,1207501000,689219000,USD,15535915000,11458026000,5628659000,5630897000,None,3222310000,4077889000,752495000,1656033000,1205678000,1205678000,1205678000,None,28706000,2238000,506681000,694955000,11429911000,7593067000,808674000,2703307000,5381000,5381000,3354755000,None,49000,None,None,5430000,870756000,283534000,4106004000,4674740000,7330215000,74000,645761617,USD,1215590000,None,None,517433000,178507000,135001000,90462000,200535000,None,762831000,-95568000,-949972000,0,653021000,653021000,None,475961000,475961000,None,None,None,None,-484235000,None,59913000,-110137000,689219000,2012-06-28,1.03,0.99,0.04,4.0404,pre-market
2012-02-29,USD,2116366000,7259828000,5143462000,5143462000,889299000,1226652000,None,1230872000,9246000,-4220000,None,4220000,None,4215000,None,147010000,828273000,184350000,4220000,714190000,814282000,832493000,1045970000,643923000,USD,15808096000,11554680000,5568746000,5571853000,None,3355991000,4253416000,775871000,1683964000,1232474000,1232474000,1232474000,None,39376000,3107000,623920000,844578000,11339543000,7537851000,892436000,2912006000,4653000,4653000,3277100000,None,1201000,None,None,5854000,790307000,244954000,4468553000,4109064000,7113037000,74000,646452990,USD,857813000,None,None,-259817000,-65296000,147010000,85379000,-200331000,None,714190000,-87291000,-378282000,0,464974000,464974000,None,0,0,None,None,None,None,-376042000,None,476840000,84600000,643923000,2012-03-22,0.97,0.86,0.11,12.7907,pre-market
2011-11-30,USD,2251540000,7589108000,5337568000,5337568000,981138000,1269994000,None,1274152000,10512000,-4158000,None,4158000,None,5535000,None,132625000,923356000,281270000,4158000,711757000,323983000,927514000,1124683000,642086000,USD,15290845000,10992719000,5091906000,5096544000,None,3325556000,4298126000,745898000,1590670000,1225298000,1225298000,1225298000,None,38207000,4638000,512429000,885080000,11524485000,7575125000,898113000,2666590000,4762000,4762000,3496536000,None,1620000,None,None,6382000,894457000,250031000,3766360000,3740023000,6467622000,74000,644285298,USD,475258000,None,None,50641000,503373000,132625000,80875000,464732000,None,711757000,-239911000,-587617000,0,285105000,285105000,None,474896000,474896000,None,None,None,None,-145158000,None,-609172000,-256902000,642086000,2011-12-15,0.96,0.94,0.02,2.1277,pre-market
2011-08-31,USD,2215387000,7174073000,4958686000,4958686000,922529000,1292451000,503222000,1799603000,11936000,-3930000,None,3930000,None,3922000,None,141340000,864466000,252533000,3930000,682865000,630365000,868396000,1076212000,611933000,USD,15731510000,11471183000,5701078000,5706007000,556160000,3236059000,4260327000,785231000,1639965000,1131991000,1131991000,1131991000,None,40365000,4929000,587224000,937675000,11852559000,7906589000,949250000,2772710000,4419000,4419000,3474049000,None,None,None,None,4419000,855208000,233581000,3878951000,3577574000,6281517000,74000,647428247,USD,1381276000,None,None,582279000,150619000,141340000,136975000,-57873000,None,682865000,-321130000,-614535000,-69000,730804000,730804000,None,0,0,None,None,None,None,-641801000,None,444394000,-1217000,611933000,2011-09-27,0.91,0.88,0.03,3.4091,pre-market
2011-05-31,USD,2309628000,7204355000,4894727000,4894727000,949416000,1359816000,None,1362643000,9861000,-2827000,None,2827000,None,1421000,None,130773000,886793000,258780000,2827000,699069000,714682000,889620000,1090446000,628013000,USD,14903969000,11147260000,5256684000,5261349000,None,3272697000,3756709000,740771000,1762206000,983389000,983389000,983389000,None,41983000,4665000,615225000,752633000,11190166000,7372666000,862651000,2725879000,4621000,4621000,3354871000,None,None,None,None,4621000,713857000,221865000,3713803000,2994361000,5674772000,74000,651339239,USD,1352960000,None,None,647601000,262763000,130773000,112681000,106842000,None,699069000,-111832000,-756470000,0,643861000,643861000,None,322992000,322992000,None,None,None,None,-457533000,None,579140000,94482000,628013000,2011-06-23,0.93,0.9,0.03,3.3333,pre-market
2011-02-28,USD,1917224000,6496293000,4579069000,4579069000,771577000,1145278000,None,1148785000,9893000,-3507000,None,3507000,None,-2948000,None,121084000,711414000,208397000,3507000,565750000,592786000,714921000,902923000,503017000,USD,13893673000,10279277000,4677544000,4682736000,567826000,3072103000,3614396000,694788000,1673610000,966819000,966819000,966819000,None,37708000,5192000,583236000,755795000,10300766000,6617096000,846365000,None,422000,422000,3228806000,None,4129000,None,None,4551000,623227000,215217000,3592907000,2518516000,5367504000,74000,646292241,USD,601104000,None,None,13999000,264772000,121084000,78575000,85388000,None,565750000,-135585000,-46892000,0,177492000,177492000,None,0,0,None,None,None,None,-65728000,None,517092000,98465000,503017000,2011-03-24,0.75,0.71,0.04,5.6338,pre-market
2010-11-30,USD,1944480000,6478193000,4533713000,4533713000,826935000,1117197000,None,1121933000,9393000,-4736000,None,4736000,None,13087000,None,120059000,773786000,239072000,4736000,605556000,591756000,778522000,956735000,534714000,USD,12868874000,9469710000,4160452000,4163616000,None,2846561000,3399164000,673697000,1638671000,895233000,895233000,895233000,None,40002000,3164000,543711000,660038000,9959478000,6446851000,824354000,None,332000,332000,3110913000,None,None,None,None,332000,660561000,220200000,2909396000,2564141000,4860443000,74000,637298491,USD,106399000,None,None,-117631000,605635000,120059000,75483000,486124000,-56484000,605556000,-134840000,-703607000,0,619720000,619720000,None,320650000,320650000,None,None,None,None,-449449000,None,-677840000,54208000,534714000,2010-12-16,0.81,0.75,0.06,8,pre-market
2010-08-31,USD,1844812000,5833073000,3988261000,3988261000,713634000,1131118000,383700000,1518434000,8556000,-3616000,None,3616000,None,-1945000,None,124958000,651813000,206331000,3616000,510263000,445482000,655429000,847208000,445482000,USD,12835253000,9563625000,4838292000,4841279000,569678000,2534598000,3271628000,659569000,1559738000,841234000,841234000,841234000,None,41023000,2987000,490243000,624521000,9999507000,6567604000,885328000,None,143000,143000,2992926000,None,1445000,None,None,1588000,671493000,226696000,2835746000,2524137000,4634329000,74000,637092938,USD,1251605000,None,None,592642000,144909000,124958000,101602000,-25948000,601850000,510263000,-109920000,-706406000,-388000,738396000,738396000,None,0,0,None,None,None,None,-692556000,None,526181000,90902000,445482000,2010-09-30,0.66,0.63,0.03,4.7619,pre-market
2010-05-31,USD,1931650000,5975495000,4043845000,4043845000,803830000,1124544000,None,1126605000,7401000,-2061000,None,2061000,None,-5887000,None,116314000,730358000,239761000,2061000,563519000,410042000,732419000,930821000,490597000,USD,11917658000,8843390000,4312111000,4320205000,None,2350493000,3074268000,625534000,None,805282000,805282000,805282000,None,39590000,8094000,496770000,336849000,8921028000,5829054000,683094000,None,573000,573000,2627204000,None,198000,None,None,771000,620887000,207484000,2996630000,1876222000,4180885000,75000,641355607,USD,960923000,None,None,332396000,108723000,116314000,57750000,116050000,385018000,563519000,-86631000,-548031000,393000,446952000,446952000,None,272706000,272706000,None,None,None,None,-298139000,None,197360000,-128901000,490597000,2010-06-24,0.73,0.69,0.04,5.7971,pre-market
2010-02-28,USD,1690331000,5537823000,3847492000,3847492000,650973000,1036721000,None,1041240000,7029000,-4519000,None,4519000,None,-13791000,None,118518000,577271000,177511000,4519000,461879000,312663000,581790000,779157000,399760000,USD,11890088000,8774452000,4114751000,4122074000,None,2470983000,3115636000,646727000,None,813783000,813783000,813783000,None,30162000,7323000,563408000,323270000,8930592000,5809219000,683632000,None,206000,206000,2639966000,None,199000,None,None,405000,679703000,213221000,2959496000,1736582000,4031834000,18000,638695204,USD,659981000,None,None,2775000,18299000,118518000,44046000,48606000,-326756000,461879000,-47854000,-342876000,0,434257000,434257000,None,0,0,None,None,None,None,-343166000,None,114688000,-154563000,399760000,2010-03-25,0.6,0.61,-0.01,-1.6393,pre-market
2009-11-30,USD,1783954000,5747687000,3963733000,3963733000,746408000,1033981000,None,1038462000,6945000,-4481000,None,4481000,None,5899000,None,114898000,675124000,230307000,4481000,524798000,560389000,679605000,868251000,444817000,USD,12184819000,8929311000,4000063000,4005119000,None,2503615000,3255508000,685052000,None,838818000,838818000,838818000,None,31250000,5056000,636912000,336032000,9375552000,6177169000,689769000,None,1734000,1734000,2693773000,None,855000,None,None,2589000,749559000,235595000,2809267000,1672322000,3744676000,17000,631527053,USD,219111000,None,None,-272742000,297631000,114898000,34817000,238525000,-135634000,524798000,-29360000,-831713000,0,451270000,451270000,None,551442000,551442000,None,None,None,None,-299989000,None,-541599000,100363000,444817000,2009-12-17,0.67,0.65,0.02,3.0769,pre-market
2009-08-31,USD,1660354000,5505449000,3845095000,3845095000,419586000,432602000,434937000,984767000,None,None,None,4222000,None,-1078000,None,127582000,371198000,116506000,None,None,None,375420000,811091000,254692000,,,,,,,,,,,,,,,,,,,,,,,,,,,,,,,,,,,,,,,,,,,,,,,,,,,,,,,,,,,,,,,,,,2009-10-01,0.63,0.63,0,0,pre-market
2009-05-31,USD,1670627000,5537348000,3866721000,3866721000,732040000,410532000,None,935411000,None,None,None,3285000,None,10524000,None,116377000,655211000,211242000,None,None,None,658496000,860242000,443969000,,,,,,,,,,,,,,,,,,,,,,,,,,,,,,,,,,,,,,,,,,,,,,,,,,,,,,,,,,,,,,,,,,2009-06-25,0.68,0.64,0.04,6.25,pre-market
2009-02-28,USD,1622325000,5657563000,4035238000,4035238000,677467000,957867000,None,957867000,None,None,None,3214000,None,13673000,None,135069000,607990000,196554000,None,None,None,611204000,772964000,411436000,,,,,,,,,,,,,,,,,,,,,,,,,,,,,,,,,,,,,,,,,,,,,,,,,,,,,,,,,,,,,,,,,,2009-03-26,0.63,0.62,0.01,1.6129,pre-market
2008-11-30,USD,1887808000,6470608000,4582800000,4582800000,814772000,1069931000,None,1069931000,None,None,None,3400000,None,-26407000,None,119563000,695154000,215288000,None,None,None,698554000,965592000,479866000,,,,,,,,,,,,,,,,,,,,,,,,,,,,,,,,,,,,,,,,,,,,,,,,,,,,,,,,,,,,,,,,,,2008-12-18,0.74,0.68,0.06,8.8235,pre-market
2008-08-31,,,,,,,,,,,,,,,,,,,,,,,,,,,,,,,,,,,,,,,,,,,,,,,,,,,,,,,,,,,,,,,,,,,,,,,,,,,,,,,,,,,,,,,,,,,2008-09-25,0.67,0.66,0.01,1.5152,pre-market
2008-05-31,,,,,,,,,,,,,,,,,,,,,,,,,,,,,,,,,,,,,,,,,,,,,,,,,,,,,,,,,,,,,,,,,,,,,,,,,,,,,,,,,,,,,,,,,,,2008-06-26,0.74,0.69,0.05,7.2464,pre-market
2008-02-29,,,,,,,,,,,,,,,,,,,,,,,,,,,,,,,,,,,,,,,,,,,,,,,,,,,,,,,,,,,,,,,,,,,,,,,,,,,,,,,,,,,,,,,,,,,2008-03-27,0.64,0.56,0.08,14.2857,pre-market
2007-11-30,,,,,,,,,,,,,,,,,,,,,,,,,,,,,,,,,,,,,,,,,,,,,,,,,,,,,,,,,,,,,,,,,,,,,,,,,,,,,,,,,,,,,,,,,,,2007-12-19,0.6,0.56,0.04,7.1429,pre-market
2007-08-31,,,,,,,,,,,,,,,,,,,,,,,,,,,,,,,,,,,,,,,,,,,,,,,,,,,,,,,,,,,,,,,,,,,,,,,,,,,,,,,,,,,,,,,,,,,2007-09-27,0.5,0.48,0.02,4.1667,pre-market
2007-05-31,,,,,,,,,,,,,,,,,,,,,,,,,,,,,,,,,,,,,,,,,,,,,,,,,,,,,,,,,,,,,,,,,,,,,,,,,,,,,,,,,,,,,,,,,,,2007-06-28,0.54,0.55,-0.01,-1.8182,pre-market
2007-02-28,,,,,,,,,,,,,,,,,,,,,,,,,,,,,,,,,,,,,,,,,,,,,,,,,,,,,,,,,,,,,,,,,,,,,,,,,,,,,,,,,,,,,,,,,,,2007-03-27,0.47,0.42,0.05,11.9048,pre-market
2006-11-30,,,,,,,,,,,,,,,,,,,,,,,,,,,,,,,,,,,,,,,,,,,,,,,,,,,,,,,,,,,,,,,,,,,,,,,,,,,,,,,,,,,,,,,,,,,2006-12-20,0.46,0.42,0.04,9.5238,pre-market
2006-08-31,,,,,,,,,,,,,,,,,,,,,,,,,,,,,,,,,,,,,,,,,,,,,,,,,,,,,,,,,,,,,,,,,,,,,,,,,,,,,,,,,,,,,,,,,,,2006-09-28,0.39,0.38,0.01,2.6316,pre-market
2006-05-31,,,,,,,,,,,,,,,,,,,,,,,,,,,,,,,,,,,,,,,,,,,,,,,,,,,,,,,,,,,,,,,,,,,,,,,,,,,,,,,,,,,,,,,,,,,2006-06-29,0.5,0.46,0.04,8.6957,pre-market
2006-02-28,,,,,,,,,,,,,,,,,,,,,,,,,,,,,,,,,,,,,,,,,,,,,,,,,,,,,,,,,,,,,,,,,,,,,,,,,,,,,,,,,,,,,,,,,,,2006-03-28,0.37,0.35,0.02,5.7143,pre-market
2005-11-30,,,,,,,,,,,,,,,,,,,,,,,,,,,,,,,,,,,,,,,,,,,,,,,,,,,,,,,,,,,,,,,,,,,,,,,,,,,,,,,,,,,,,,,,,,,2006-01-05,0.36,0.34,0.02,5.8824,pre-market
2005-08-31,,,,,,,,,,,,,,,,,,,,,,,,,,,,,,,,,,,,,,,,,,,,,,,,,,,,,,,,,,,,,,,,,,,,,,,,,,,,,,,,,,,,,,,,,,,2005-10-06,0.38,0.36,0.02,5.5556,pre-market
2005-05-31,,,,,,,,,,,,,,,,,,,,,,,,,,,,,,,,,,,,,,,,,,,,,,,,,,,,,,,,,,,,,,,,,,,,,,,,,,,,,,,,,,,,,,,,,,,2005-07-07,0.44,0.43,0.01,2.3256,pre-market
2005-02-28,,,,,,,,,,,,,,,,,,,,,,,,,,,,,,,,,,,,,,,,,,,,,,,,,,,,,,,,,,,,,,,,,,,,,,,,,,,,,,,,,,,,,,,,,,,2005-04-07,0.32,0.32,0,0,pre-market
2004-11-30,,,,,,,,,,,,,,,,,,,,,,,,,,,,,,,,,,,,,,,,,,,,,,,,,,,,,,,,,,,,,,,,,,,,,,,,,,,,,,,,,,,,,,,,,,,2005-01-06,0.32,0.31,0.01,3.2258,pre-market
2004-08-31,,,,,,,,,,,,,,,,,,,,,,,,,,,,,,,,,,,,,,,,,,,,,,,,,,,,,,,,,,,,,,,,,,,,,,,,,,,,,,,,,,,,,,,,,,,2004-10-13,0.3,0.28,0.02,7.1429,pre-market
2004-05-31,,,,,,,,,,,,,,,,,,,,,,,,,,,,,,,,,,,,,,,,,,,,,,,,,,,,,,,,,,,,,,,,,,,,,,,,,,,,,,,,,,,,,,,,,,,2004-07-07,0.37,0.37,0,0,pre-market
2004-02-29,,,,,,,,,,,,,,,,,,,,,,,,,,,,,,,,,,,,,,,,,,,,,,,,,,,,,,,,,,,,,,,,,,,,,,,,,,,,,,,,,,,,,,,,,,,2004-03-30,0.29,0.25,0.04,16,pre-market
2003-11-30,,,,,,,,,,,,,,,,,,,,,,,,,,,,,,,,,,,,,,,,,,,,,,,,,,,,,,,,,,,,,,,,,,,,,,,,,,,,,,,,,,,,,,,,,,,2004-01-13,0.27,0.28,-0.01,-3.5714,pre-market
2003-08-31,,,,,,,,,,,,,,,,,,,,,,,,,,,,,,,,,,,,,,,,,,,,,,,,,,,,,,,,,,,,,,,,,,,,,,,,,,,,,,,,,,,,,,,,,,,2003-10-09,0.25,0.25,0,0,pre-market
2003-05-31,,,,,,,,,,,,,,,,,,,,,,,,,,,,,,,,,,,,,,,,,,,,,,,,,,,,,,,,,,,,,,,,,,,,,,,,,,,,,,,,,,,,,,,,,,,2003-07-15,0.28,0.25,0.03,12,pre-market
2003-02-28,,,,,,,,,,,,,,,,,,,,,,,,,,,,,,,,,,,,,,,,,,,,,,,,,,,,,,,,,,,,,,,,,,,,,,,,,,,,,,,,,,,,,,,,,,,2003-04-14,0.25,0.24,0.01,4.1667,pre-market
2002-11-30,,,,,,,,,,,,,,,,,,,,,,,,,,,,,,,,,,,,,,,,,,,,,,,,,,,,,,,,,,,,,,,,,,,,,,,,,,,,,,,,,,,,,,,,,,,2003-01-09,0.27,0.26,0.01,3.8462,pre-market
2002-08-31,,,,,,,,,,,,,,,,,,,,,,,,,,,,,,,,,,,,,,,,,,,,,,,,,,,,,,,,,,,,,,,,,,,,,,,,,,,,,,,,,,,,,,,,,,,2002-10-10,0.16,0.16,0,0,pre-market
2002-05-31,,,,,,,,,,,,,,,,,,,,,,,,,,,,,,,,,,,,,,,,,,,,,,,,,,,,,,,,,,,,,,,,,,,,,,,,,,,,,,,,,,,,,,,,,,,2002-07-12,0.27,0.26,0.01,3.8462,pre-market
2002-02-28,,,,,,,,,,,,,,,,,,,,,,,,,,,,,,,,,,,,,,,,,,,,,,,,,,,,,,,,,,,,,,,,,,,,,,,,,,,,,,,,,,,,,,,,,,,2002-04-11,0.23,0.22,0.01,4.5455,pre-market
2001-11-30,,,,,,,,,,,,,,,,,,,,,,,,,,,,,,,,,,,,,,,,,,,,,,,,,,,,,,,,,,,,,,,,,,,,,,,,,,,,,,,,,,,,,,,,,,,2002-01-09,0.25,0.24,0.01,4.1667,pre-market
2001-08-31,,,,,,,,,,,,,,,,,,,,,,,,,,,,,,,,,,,,,,,,,,,,,,,,,,,,,,,,,,,,,,,,,,,,,,,,,,,,,,,,,,,,,,,,,,,2001-10-11,0.12,0.11,0.01,9.0909,pre-market
