fiscalDateEnding,reportedCurrency_x,grossProfit,totalRevenue,costOfRevenue,costofGoodsAndServicesSold,operatingIncome,sellingGeneralAndAdministrative,researchAndDevelopment,operatingExpenses,investmentIncomeNet,netInterestIncome,interestIncome,interestExpense,nonInterestIncome,otherNonOperatingIncome,depreciation,depreciationAndAmortization,incomeBeforeTax,incomeTaxExpense,interestAndDebtExpense,netIncomeFromContinuingOperations,comprehensiveIncomeNetOfTax,ebit,ebitda,netIncome_x,reportedCurrency_y,totalAssets,totalCurrentAssets,cashAndCashEquivalentsAtCarryingValue,cashAndShortTermInvestments,inventory,currentNetReceivables,totalNonCurrentAssets,propertyPlantEquipment,accumulatedDepreciationAmortizationPPE,intangibleAssets,intangibleAssetsExcludingGoodwill,goodwill,investments,longTermInvestments,shortTermInvestments,otherCurrentAssets,otherNonCurrentAssets,totalLiabilities,totalCurrentLiabilities,currentAccountsPayable,deferredRevenue,currentDebt,shortTermDebt,totalNonCurrentLiabilities,capitalLeaseObligations,longTermDebt,currentLongTermDebt,longTermDebtNoncurrent,shortLongTermDebtTotal,otherCurrentLiabilities,otherNonCurrentLiabilities,totalShareholderEquity,treasuryStock,retainedEarnings,commonStock,commonStockSharesOutstanding,reportedCurrency,operatingCashflow,paymentsForOperatingActivities,proceedsFromOperatingActivities,changeInOperatingLiabilities,changeInOperatingAssets,depreciationDepletionAndAmortization,capitalExpenditures,changeInReceivables,changeInInventory,profitLoss,cashflowFromInvestment,cashflowFromFinancing,proceedsFromRepaymentsOfShortTermDebt,paymentsForRepurchaseOfCommonStock,paymentsForRepurchaseOfEquity,paymentsForRepurchaseOfPreferredStock,dividendPayout,dividendPayoutCommonStock,dividendPayoutPreferredStock,proceedsFromIssuanceOfCommonStock,proceedsFromIssuanceOfLongTermDebtAndCapitalSecuritiesNet,proceedsFromIssuanceOfPreferredStock,proceedsFromRepurchaseOfEquity,proceedsFromSaleOfTreasuryStock,changeInCashAndCashEquivalents,changeInExchangeRate,netIncome_y,reportedDate,reportedEPS,estimatedEPS,surprise,surprisePercentage,reportTime
2024-03-31,USD,4393367000,9370440000,4977073000,4977267000,2632534000,1058360000,702473000,1760833000,None,-173314000,155359000,173314000,130801000,None,None,3758039000,2614579000,282370000,173314000,2332209000,2444275000,2787893000,6401620000,2332209000,USD,48827721000,9921313000,7024766000,7047562000,-31662100000,1192738000,9403633000,1501168000,884603000,31662100000,31662100000,None,133747000,None,20973000,2875574000,5743140000,27462311000,9289217000,607348000,1469484000,798936000,798936000,17900406000,None,13955000000,798936000,13217038000,14753936000,6015821000,2585364000,21365410000,8934056000,24921495000,5489850000,430964991,USD,2212522000,None,None,133032000,-38049000,87234000,75714000,None,None,2332209000,-75714000,-2132944000,None,2000000000,2000000000,None,None,None,None,None,None,None,-1731119000,None,None,None,2332209000,2024-04-18,5.28,4.52,0.76,16.8142,post-market
2023-12-31,USD,3525340000,8832825000,5307485000,5307485000,1496109000,3087890000,673341000,3761231000,None,-175212000,None,175212000,-239371000,None,None,3840646000,1148150000,210312000,175212000,937838000,869464000,1323362000,5336755000,937838000,USD,48731992000,9918133000,7116913000,7139488000,408936000,1639257000,9232702000,1491444000,855043000,31658056000,31658056000,None,30934000,None,20973000,2780247000,5664359000,28143679000,8860655000,747412000,1442969000,400000000,399844000,18751652000,None,14478000000,399844000,14143417000,14878000000,6270430000,2561434000,20588313000,6922200000,22589286000,5145172000,432759584,USD,1663014000,None,None,155876000,13198000,86567000,81632000,None,None,937838000,411596000,-2452273000,None,2500000000,2500000000,None,None,None,None,None,None,None,-2448573000,None,None,None,937838000,2024-03-04,2.11,2.22,-0.11,-4.955,post-market
2023-09-30,USD,3610880000,8541668000,4930788000,4930788000,1916394000,1037327000,657159000,1694486000,None,-175563000,7345000,175563000,172678000,None,None,3664013000,1909049000,231627000,175563000,1677422000,1661117000,2084612000,5580407000,1677422000,USD,49501786000,10779474000,7353245000,7871037000,482375000,1289679000,9096952000,1498391000,902691000,31749861000,31749861000,None,109723000,None,514201000,2912028000,5474060000,27394159000,8338718000,534429000,1306185000,399614000,399614000,18473449000,None,14232000000,399614000,13900754000,14631614000,6098490000,2486215000,22107627000,4399677000,21651448000,5011427000,437679669,USD,1992315000,None,None,-139152000,-103766000,90660000,103929000,None,None,1677422000,296071000,-2475108000,None,2500100000,2500100000,None,None,None,None,0,0,None,-2442282000,None,None,None,1677422000,2023-10-18,3.73,3.49,0.24,6.8768,post-market
2023-06-30,USD,3513831000,8187301000,4673470000,4673470000,1827183000,1028665000,657983000,1686648000,None,-174812000,26961000,174812000,-28952000,26961000,None,3526367000,1679332000,191722000,174812000,1487610000,1540039000,1854144000,5353550000,1487610000,USD,50817473000,11506336000,7662788000,8580466000,None,1229475000,8978095000,1471968000,870738000,32520774000,32520774000,None,None,None,914201000,2929347000,5318395000,27985258000,8675805000,615374000,1311918000,399387000,399387000,18607372000,2524153000,14398000000,399387000,14070151000,14797387000,6349126000,2389915000,22832215000,1876753000,19974026000,4874208000,443146751,USD,1440232000,None,None,265810000,183049000,89385000,100972000,None,None,1487610000,97737000,-649349000,None,645146000,645146000,None,None,None,None,0,0,None,-610429000,None,888620000,None,1487610000,2023-07-19,3.29,2.86,0.43,15.035,post-market
2023-03-31,USD,3357878000,8161503000,4803625000,4803625000,1714317000,956286000,687275000,1643561000,None,-174239000,71204000,174239000,-80651000,-71204000,None,3550319000,1468874000,163754000,174239000,1305120000,1330731000,1643113000,5264636000,1305120000,USD,49490345000,10482623000,6714594000,7850929000,None,1143613000,8833558000,1413094000,808350000,32349184000,32349184000,None,None,None,1112910000,2655119000,5245444000,27662149000,8316070000,591987000,1262271000,399163000,399163000,18593465000,None,14361000000,399163000,14037965000,14760163000,6062649000,2400085000,21828196000,1228920000,18486416000,4762395000,444536878,USD,2178740000,None,None,93241000,88522000,90335000,62019000,None,None,1305120000,-263653000,-374073000,None,400101000,400101000,None,None,None,None,0,0,None,-374073000,None,1541014000,None,1305120000,2023-04-18,2.88,2.86,0.02,0.6993,post-market
2022-12-31,USD,2447893000,7852053000,5404160000,5404160000,549904000,2810063000,673926000,3483989000,None,-170603000,339965000,170603000,-461681000,-339965000,None,4038214000,39336000,-15948000,170603000,55284000,85621000,209939000,4588118000,55284000,USD,48594768000,9266473000,5147176000,6081858000,None,2424388000,8818704000,1398257000,753741000,32736713000,32736713000,None,None,None,911276000,3208021000,5193325000,27817367000,7930974000,671513000,1264661000,0,0,19027619000,None,14274000000,None,14353076000,14274000000,5994800000,2452040000,20777401000,824190000,17181296000,4637601000,445346776,USD,443858000,None,None,-185146000,398319000,93387000,111593000,None,None,55284000,-1586859000,6705000,None,0,0,None,None,None,None,0,0,None,6959000,None,-1136296000,None,55284000,2023-01-19,0.12,0.45,-0.33,-73.3333,post-market
2022-09-30,USD,3136924000,7925589000,4788665000,4788665000,1533018000,941167000,662739000,1603906000,None,-172575000,261404000,172575000,348458000,261404000,None,4000184000,1621847000,223605000,172575000,1398242000,1295075000,1794422000,5533202000,1398242000,USD,47562187000,8816903000,6113733000,6113733000,None,1436296000,8179451000,1372754000,710022000,32777340000,32777340000,None,None,None,None,2703170000,4595190000,27034046000,7765924000,560156000,1176323000,0,0,18522479000,None,13806000000,None,13888117000,13806000000,6029445000,2424637000,20528141000,824190000,17126012000,4473962000,445020494,USD,556810000,None,None,217527000,120071000,85188000,84960000,None,None,1398242000,-84960000,4113000,None,0,0,None,None,None,None,0,0,None,4113000,None,475963000,None,1398242000,2022-10-18,3.1,2.13,0.97,45.5399,post-market
2022-06-30,USD,3279386000,7970141000,4690755000,4690755000,1578283000,984257000,716846000,1701103000,None,-175455000,220226000,175455000,304513000,220226000,None,3565079000,1623054000,182103000,175455000,1440951000,1370645000,1798509000,5143362000,1440951000,USD,46350935000,7840778000,5819449000,5819449000,None,887640000,8318380000,1361920000,664896000,32533199000,32533199000,None,None,None,None,2021329000,4615038000,27274961000,7500022000,504278000,1224743000,0,0,19123807000,None,14148000000,None,14233303000,14148000000,5771001000,2551675000,19075974000,824190000,15727770000,4316870000,444705591,USD,102750000,None,None,-371143000,-123399000,83505000,90018000,None,None,1440951000,-158894000,11250000,None,0,0,None,None,None,None,0,0,None,11250000,None,-44894000,None,1440951000,2022-07-19,3.2,2.94,0.26,8.8435,post-market
2022-03-31,USD,3583062000,7867767000,4284705000,4284705000,1971626000,953906000,657530000,1611436000,None,-187579000,195645000,187579000,161821000,195645000,None,3436612000,1979692000,382245000,187579000,1597447000,1563772000,2167271000,5408238000,1597447000,USD,45330904000,8098015000,6008946000,6008946000,None,845285000,8524747000,1383763000,690132000,31191920000,31191920000,None,None,None,None,2089069000,4657206000,27786865000,7739656000,617202000,1239048000,0,0,19536066000,None,14447000000,None,14534561000,14447000000,5883406000,2567427000,17544039000,824190000,14286819000,4155580000,444273850,USD,922839000,None,None,152062000,-41157000,74602000,121158000,None,None,1597447000,-245679000,-686322000,None,0,0,None,None,None,None,0,0,None,13678000,None,-9162000,None,1597447000,2022-04-19,3.53,2.89,0.64,22.1453,post-market
2021-12-31,USD,2469743000,7709318000,5239575000,5239575000,631770000,2859503000,647470000,1233088000,None,-189429000,108512000,189429000,103917000,108512000,None,3805301000,550853000,-56576000,189429000,607429000,586769000,740282000,4437071000,607429000,USD,44584663000,8069825000,6027804000,6055111000,None,913883000,8041872000,1323453000,616306000,30919539000,30919539000,None,None,None,0,2042021000,4271846000,28735415000,8488966000,837483000,1209342000,699823000,699823000,19560722000,None,15301000000,699823000,14693072000,16000823000,5742318000,2459164000,15849248000,824190000,12689372000,4024561000,443963107,USD,-403274000,None,None,116086000,608000,63984000,165979000,None,None,607429000,-954328000,-136019000,None,0,0,None,None,None,None,0,0,None,262149000,None,-1493621000,None,607429000,2022-01-20,1.33,0.82,0.51,62.1951,post-market
2021-09-30,USD,3276878000,7483467000,4206589000,4206589000,1755253000,957738000,563887000,1521625000,None,-190429000,96135000,190429000,136488000,96135000,None,3033304000,1660959000,211888000,190429000,1449071000,1419461000,1851388000,4788557000,1449071000,USD,42739857000,9415787000,7526681000,7526681000,None,801665000,6599483000,1220114000,593371000,28974045000,28974045000,None,None,None,None,1889106000,3129911000,27425240000,8049246000,643059000,1182632000,699473000,699473000,19297284000,None,20535734000,699473000,14793691000,21235207000,5524082000,2281277000,15314617000,600022000,12081943000,3852531000,442952194,USD,82379000,None,None,289878000,95145000,70253000,167327000,None,None,1449071000,-188631000,-81555000,None,100000000,100000000,None,None,None,None,0,0,None,-81555000,None,-187807000,None,1449071000,2021-10-19,3.19,2.56,0.63,24.6094,post-market
2021-06-30,USD,3323769000,7341777000,4018008000,4018008000,1847630000,938818000,537321000,1476139000,None,-191322000,None,191322000,-63074000,-62519000,None,2845237000,1593789000,240776000,191322000,1353013000,1358651000,1785111000,4692867000,1353013000,USD,40970969000,9604276000,7777530000,7777530000,None,756687000,6177729000,1107437000,552965000,27291640000,27291640000,None,None,None,None,1826746000,2967616000,27107098000,7832888000,622931000,1187364000,699128000,699128000,19050991000,None,20723146000,699128000,14926889000,21422274000,5323465000,2082035000,13863871000,500022000,10632872000,3721246000,442595888,USD,-63761000,None,None,-52024000,52373000,38434000,110278000,None,None,1353013000,-111278000,-480273000,None,500022000,500022000,None,None,None,None,0,0,None,-480273000,None,-655312000,None,1353013000,2021-07-20,2.97,3.16,-0.19,-6.0127,post-market
2021-03-31,USD,3294771000,7163282000,3868511000,3868511000,1959856000,809708000,525207000,1334915000,None,-194440000,269086000,194440000,253330000,269086000,None,2754937000,2034502000,327787000,194440000,1706715000,1666454000,2228942000,4714793000,1706715000,USD,40123014000,10107508000,8403705000,8403705000,None,623240000,5979244000,1015419000,520544000,26043991000,26043991000,None,None,None,None,1703803000,2956096000,27238934000,7961770000,532942000,1140271000,698788000,698788000,18723430000,None,21000783000,698788000,14860552000,21699571000,5589769000,1950986000,12884080000,None,9279859000,3600084000,443383732,USD,777266000,None,None,62863000,221555000,35741000,81001000,None,None,1706715000,-85616000,-451929000,None,0,0,None,None,None,None,0,0,None,48071000,None,239721000,None,1706715000,2021-04-20,3.75,2.97,0.78,26.2626,post-market
2020-12-31,USD,2479282000,6644442000,4165160000,4165160000,954242000,2485104000,486936000,3126440000,None,-197186000,None,197186000,-257983000,-250639000,None,3014568000,506417000,-35739000,197186000,2479282000,587701000,703603000,3968810000,542156000,USD,39280359000,9761580000,8205550000,8205550000,None,742169000,6172555000,960183000,494790000,25383950000,25383950000,None,None,None,None,1556030000,3174646000,28215119000,7805785000,656183000,1117992000,499878000,499878000,19736881000,None,21857087000,499878000,15809095000,22356965000,5531732000,1982155000,11065240000,0,7573144000,3447698000,442895261,USD,-137672000,None,None,9103000,40362000,31943000,148356000,None,None,2479282000,-146399000,33987000,None,0,0,None,None,None,None,0,0,None,268987000,None,2479282000,None,542156000,2021-01-19,1.19,1.39,-0.2,-14.3885,post-market
2020-09-30,USD,2567886000,6435637000,3867751000,3867751000,1314863000,799221000,453802000,1253023000,None,-197079000,None,197079000,-249194000,-256324000,None,2762332000,861460000,71484000,197079000,789976000,822901000,1058539000,4077195000,789976000,USD,38622543000,9826480000,8392391000,8392391000,None,620082000,5667430000,828118000,474185000,25067633000,25067633000,None,None,None,None,1434089000,2900312000,28289220000,7939795000,541298000,1040202000,499517000,499517000,19275851000,None,21882995000,499517000,15547616000,22382512000,5858778000,1875235000,10333323000,None,7030988000,3303482000,441795008,USD,1263761000,None,None,388645000,22974000,28589000,109811000,None,None,789976000,-118651000,68665000,None,0,0,None,None,None,None,0,0,None,68665000,None,1213775000,None,789976000,2020-10-20,1.74,2.14,-0.4,-18.6916,post-market
2020-06-30,USD,2504579000,6148286000,3643707000,3643707000,1357928000,711606000,435045000,1146651000,None,-189151000,133175000,189151000,-119161000,-133175000,None,2633820000,1035602000,315406000,189151000,720196000,733178000,1224753000,3991748000,720196000,USD,37175281000,8564139000,7153248000,7153248000,None,640471000,5268025000,751941000,460206000,25155117000,25155117000,None,None,None,None,1410891000,2704084000,27840528000,7626418000,446668000,1029261000,499000000,499000000,18692946000,None,21577103000,499161000,15294998000,22076103000,5651328000,1710948000,9334753000,None,6241012000,3127813000,441015443,USD,1041076000,None,None,-174969000,-3066000,26661000,141741000,None,None,720196000,-142001000,1090965000,None,0,0,None,None,None,None,0,0,None,89060000,None,1990040000,None,720196000,2020-07-16,1.59,1.81,-0.22,-12.1547,post-market
2020-03-31,USD,2167990000,5767691000,3599701000,3599701000,958256000,755917000,453817000,1209734000,None,-184083000,21697000,184083000,93060000,21697000,None,2511902000,795870000,86803000,184083000,709067000,685534000,979953000,3470158000,709067000,USD,35059910000,6447781000,5151884000,5151884000,None,541631000,4847240000,650455000,436556000,25266889000,25266889000,None,None,None,None,1295897000,2694785000,26650616000,7853725000,545488000,986753000,694809000,498809000,16990840000,None,20587654000,196000000,14170692000,21086463000,5822675000,1420148000,8409294000,None,5520816000,2935532000,439780618,USD,259912000,None,None,127038000,127353000,28517000,98015000,None,None,709067000,-98303000,43694000,None,0,0,None,None,None,None,0,0,None,43694000,None,205303000,None,709067000,2020-04-21,1.57,1.65,-0.08,-4.8485,post-market
2019-12-31,USD,2001411000,5467434000,3466023000,3466023000,458512000,3012523000,537227000,1754194000,None,-177801000,131378000,177801000,-122100000,-131378000,None,2607487000,149333000,-437637000,177801000,2001411000,604695000,327134000,3065999000,586970000,USD,33975712000,6178504000,5018437000,5018437000,None,524669000,4824641000,565221000,416005000,24504567000,24504567000,None,None,None,None,1160067000,2727420000,26393555000,6855696000,674347000,924745000,190622000,0,17626148000,None,20723441000,190622000,14759260000,20723441000,4413561000,1444276000,7582157000,None,4811749000,2793929000,438806649,USD,-1461975000,840790000,None,6204000,195951000,27818000,107737000,None,None,2001411000,-207571000,2223801000,None,0,0,None,None,None,None,0,0,None,87633000,None,2001411000,None,586970000,2020-01-21,1.3,0.53,0.77,145.283,post-market
2019-09-30,USD,2146986000,5244905000,3097919000,3097919000,980239000,786971000,379776000,1779697000,None,-160660000,192744000,160660000,171360000,192744000,None,2313335000,1012323000,347079000,160660000,665244000,644350000,1172983000,3293574000,665244000,USD,30941711000,5327758000,4435018000,4435018000,None,None,3879959000,481992000,402604000,23234994000,23234994000,None,None,None,None,892740000,1896967000,24080206000,7257900000,444129000,915506000,160941000,1037723000,14355432000,None,17647322000,160941000,12425746000,17647322000,4860542000,977008000,6861505000,None,4224779000,2677972000,438251289,USD,-501794000,48000000,None,275958000,-145000,26704000,45333000,None,None,665244000,-49354000,11989000,None,0,0,None,None,None,None,0,0,None,11989000,None,-539159000,None,665244000,2019-10-16,1.47,1.04,0.43,41.3462,post-market
2019-06-30,USD,1917459000,4923116000,3005657000,3005657000,706419000,827807000,383233000,1818930000,None,-152033000,53470000,152033000,-61284000,-53470000,None,2265067000,500916000,230266000,152033000,270650000,275898000,652949000,2971486000,270650000,USD,30171339000,5877157000,5004247000,5004247000,None,None,3878442000,452399000,385112000,21945740000,21945740000,None,None,None,None,872910000,1896043000,24065791000,6933984000,442194000,892777000,137662000,750812000,14513687000,None,17909126000,137662000,12594135000,17909126000,4848201000,973232000,6105548000,None,3559535000,2566365000,437834882,USD,-543754000,50000000,None,54706000,24231000,25496000,39584000,None,None,270650000,-50036000,2246900000,None,0,0,None,None,None,None,0,0,None,21896000,None,1653110000,None,270650000,2019-07-17,0.6,0.56,0.04,7.1429,post-market
2019-03-31,USD,1650378000,4520992000,2870614000,2870614000,459084000,818530000,372764000,1766010000,None,-135529000,76104000,135529000,57600000,76104000,None,2156756000,399659000,55607000,135529000,344052000,338034000,535188000,2615840000,344052000,USD,27218632000,4168907000,3348557000,3348557000,None,None,2160940000,434372000,371023000,20888785000,20888785000,None,None,None,None,820350000,1726568000,21515574000,6857807000,439496000,None,None,746268000,11097403000,None,14768151000,122498000,10305023000,14768151000,4863351000,792380000,5703058000,None,3288885000,2439773000,437191891,USD,-379799000,61000000,None,80973000,32076000,23561000,60381000,None,None,344052000,-80103000,22972000,None,0,0,None,None,None,None,0,0,None,22972000,None,-436930000,None,344052000,2019-04-16,0.76,0.57,0.19,33.3333,post-market
2018-12-31,USD,1453441000,4186841000,2733400000,2733400000,215767000,2432979000,327975000,2671636000,None,-128807000,None,128807000,21953000,32436000,None,2085844000,119396000,-14538000,128807000,1453441000,128860000,248203000,2301611000,133934000,USD,25974400000,9694135000,3794483000,3794483000,None,206921000,1319311000,418281000,368519000,14960954000,14960954000,None,None,1298000,None,748466000,910843000,20735635000,6487320000,562985000,760899000,None,477417000,10489231000,None,14873195000,None,10360058000,14873195000,4686019000,129231000,5238765000,None,2942359000,2315988000,436598597,USD,-1235072000,None,None,116231000,88359000,23219000,70120000,None,None,1453441000,-80358000,2053864000,None,0,0,None,None,None,None,0,0,None,136450000,None,1453441000,-39682000,133934000,2019-01-17,0.3,0.24,0.06,25,post-market
2018-09-30,USD,1468246000,3999374000,2531128000,2412346000,480668000,779334000,308620000,1777451000,None,-108862000,None,108862000,7670000,7004000,None,1942887000,378810000,-24025000,108862000,402835000,400754000,487672000,2423555000,402835000,USD,23366229000,8729981000,3067534000,3067534000,None,None,1227805000,371152000,355963000,13408443000,13408443000,None,None,None,None,674531000,856653000,18356576000,6298240000,441427000,716723000,None,527079000,8464513000,None,11834963000,8336586000,8336586000,11834963000,4613011000,127927000,5009653000,None,2808425000,2215736000,436084995,USD,-690411000,None,None,148534000,30364000,21161000,39333000,None,None,402835000,-168694000,29237000,None,0,0,None,None,None,None,0,0,None,29781000,None,-829868000,None,402835000,2018-10-16,0.89,0.68,0.21,30.8824,post-market
2018-06-30,USD,1504839000,3907270000,2402431000,2289867000,462213000,837977000,299095000,1783600000,None,-101605000,None,101605000,85410000,68028000,None,1848707000,428636000,44287000,101605000,384349000,367658000,530241000,2310920000,384349000,USD,22663537000,9346889000,3906357000,3906357000,None,None,1534478000,349646000,340296000,12292070000,12292070000,None,None,None,None,636869000,674932000,18166937000,6079641000,448219000,697740000,None,392595000,8483138000,None,11913822000,8342067000,8342067000,11913822000,4541087000,141071000,4496600000,None,2405590000,2103437000,435457505,USD,-518239000,None,None,-21270000,25564000,19736000,27323000,None,None,384349000,-40316000,1909412000,None,0,0,None,None,None,None,0,0,None,26936000,None,1350857000,None,384349000,2018-07-16,0.85,0.79,0.06,7.5949,post-market
2018-03-31,USD,1400277000,3700856000,2300579000,2196075000,446578000,757473000,282310000,1637184000,None,-81219000,None,81219000,-41080000,-65743000,None,1779019000,299616000,9492000,81219000,290124000,314945000,380835000,2225597000,290124000,USD,20152797000,7817576000,2593666000,2593666000,None,None,1521018000,341932000,337866000,11314803000,11314803000,None,None,1280000,None,597388000,678486000,16132067000,6005587000,436183000,673892000,None,429431000,6682004000,None,9079118000,6542373000,6542373000,9079118000,4466081000,139631000,4020730000,None,2021241000,1995225000,434657303,USD,-236757000,None,None,248402000,55905000,19041000,37170000,None,None,290124000,-49752000,56014000,None,0,0,None,None,None,None,0,0,None,56335000,None,-230495000,None,290124000,2018-04-16,0.64,0.64,0,0,post-market
2017-12-31,USD,1071421000,3285755000,2214334000,2107354000,245303000,578986000,201573000,578986000,None,-75292000,None,75292000,-12850000,-38681000,None,1745225000,264617000,79100000,75292000,1099301000,190322000,339909000,1990528000,185517000,USD,19012742000,7669974000,2822795000,2822795000,None,None,971713000,319404000,321814000,10371055000,10371055000,None,None,1276000,None,536245000,652309000,15430786000,5466312000,359555000,618622000,None,315094000,6634646000,None,9048828000,6499432000,6499432000,-61900000,4173041000,135246000,3581956000,None,1731117000,1871396000,433392686,USD,-487957000,326904000,None,141997000,87090000,19073000,21585000,None,None,1099301000,-35841000,1597943000,None,0,0,None,None,None,None,0,0,None,103105000,None,1076326000,2181000,185517000,2018-01-22,0.41,0.41,0,0,post-market
2017-09-30,USD,898620000,2984859000,2086239000,1992980000,208627000,528016000,255236000,1254014000,None,-60688000,None,60688000,-50830000,-31702000,None,1659974000,116237000,-13353000,60688000,129590000,135596000,176925000,1868601000,129590000,USD,16951540000,6385348000,1746469000,1746469000,None,None,1200488000,322421000,321801000,9739704000,9739704000,None,None,None,None,415492000,504067000,13624179000,5310677000,301443000,535425000,None,331723000,5016998000,None,4888783000,4888783000,4888783000,-46800000,4142086000,128215000,3327361000,None,1545600000,1807123000,432731130,USD,-419607000,0,None,140982000,41399000,19238000,33963000,None,None,129590000,202192000,34422000,None,0,0,None,None,None,None,0,0,None,34669000,None,-172308000,10685000,129590000,2017-10-16,0.29,0.32,-0.03,-9.375,post-market
2017-06-30,USD,793768000,2785464000,1991696000,1902308000,127807000,488266000,267083000,1236375000,None,-55482000,None,55482000,-64220000,-58363000,None,1585856000,13962000,-51638000,55482000,65600000,80091000,69444000,1713663000,65600000,USD,16517223000,6700785000,1918777000,2164902000,None,None,1056164000,309831000,306050000,9078474000,9078474000,None,246125000,None,246125000,386772000,428133000,13404723000,5122945000,273398000,505302000,None,248871000,4925688000,None,4836502000,4836502000,4836502000,-48200000,4095374000,89186000,3112500000,None,1416010000,1727858000,431749744,USD,-534528000,0,None,-13872000,80199000,18551000,65231000,None,None,65600000,-56432000,1420386000,None,0,0,None,None,None,None,0,0,None,14826000,None,840953000,11527000,65600000,2017-07-17,0.15,0.15,0,0,post-market
2017-03-31,USD,895904000,2636635000,1740731000,1657024000,256942000,465561000,257108000,1174068000,None,-46742000,None,46742000,0,13592000,None,1339330000,223792000,45570000,46742000,178222000,180928000,270534000,1596272000,178222000,USD,14359096000,5660330000,1077824000,1341229000,None,None,967254000,275083000,291600000,8029112000,8029112000,None,263405000,None,263405000,292486000,394571000,11385413000,4911229000,294831000,458693000,None,296258000,3438723000,None,3365400000,None,3365400000,-34600000,3861447000,73323000,2973683000,None,1350410000,1669132000,430993429,USD,-343856000,0,None,97763000,25402000,15049000,52523000,None,None,178222000,-75590000,24239000,None,0,0,None,None,None,None,0,0,None,24178000,None,-389752000,5455000,178222000,2017-04-17,0.4,0.37,0.03,8.1081,post-market
2016-12-31,USD,823122000,2477541000,1719716000,1654419000,153934000,397979000,141093000,397979000,None,-43586000,None,43586000,22800000,-20079000,None,1363903000,90269000,23521000,43586000,823122000,54713000,133855000,1517837000,66748000,USD,13586610000,5720291000,1467576000,1733782000,None,None,591818000,250395000,294209000,7274501000,7274501000,None,266206000,1517000,266206000,260202000,341423000,10906810000,4586657000,312842000,443472000,None,197632000,3425488000,None,3364311000,3364311000,3364311000,-35700000,3632711000,61188000,2679800000,None,1128603000,1599762000,430054212,USD,-557160000,193092000,None,28224000,1679000,14189000,61048000,None,None,823122000,24422000,1042472000,None,0,0,None,None,None,None,0,0,None,62392000,None,498418000,-11316000,66748000,2017-01-18,0.15,0.13,0.02,15.3846,post-market
2016-09-30,USD,757344000,2290188000,1593768000,1532844000,106036000,435209000,216099000,1020573000,None,-35536000,None,35536000,0,8627000,None,1257802000,79127000,27610000,35536000,51517000,53198000,114663000,1363838000,51517000,USD,12347338000,5193893000,969158000,1343256000,None,None,675771000,191876000,314082000,6677674000,6677674000,None,374098000,None,374098000,218238000,283895000,9818372000,4411405000,285753000,427206000,None,201232000,2431812000,None,2373966000,None,2374000000,2373966000,3497214000,57812000,2528966000,None,1061855000,1503641000,429145023,USD,-461941000,12762000,None,86997000,-10250000,14410000,27366000,None,None,51517000,23976000,16639000,None,0,0,None,None,None,None,0,0,None,3819000,None,-421767000,-441000,51517000,2016-10-17,0.12,0.06,0.06,100,post-market
2016-06-30,USD,632106000,2105204000,1525397000,1473098000,70370000,354436000,207300000,907443000,None,-35455000,None,35455000,0,16317000,None,1209513000,51232000,10477000,35455000,40755000,36945000,86687000,1279883000,40755000,USD,11593507000,5386918000,1390925000,1834228000,None,None,677451000,162864000,311345000,5742938000,5742938000,None,443303000,None,443303000,203428000,300787000,9177673000,4051837000,240458000,396976000,None,172073000,2427316000,None,2373085000,None,2373085000,2373085000,3242330000,54231000,2415834000,None,1010338000,1443707000,428725388,USD,-226293000,13323000,None,33647000,-24091000,14131000,10814000,None,None,40755000,-2896000,17612000,None,0,0,None,None,None,None,0,0,None,4232000,None,-214319000,-2742000,40755000,2016-07-18,0.09,0.02,0.07,350,post-market
2016-03-31,USD,588196000,1957736000,1418581000,1369540000,49453000,335235000,203508000,869476000,None,-35537000,None,35537000,0,25963000,None,1093760000,39879000,12221000,35537000,27658000,36565000,75416000,1143213000,27658000,USD,11262274000,5543836000,1605244000,2072471000,None,None,654578000,166254000,305247000,5260160000,5260160000,None,467227000,None,467227000,212724000,292024000,8945041000,3933632000,231914000,374223000,None,181634000,2425293000,None,2372200000,None,2372200000,2372218000,3145861000,53093000,2317233000,None,969583000,1382051000,428289216,USD,-228590000,11316000,None,48836000,-14308000,14798000,8425000,None,None,27658000,4263000,14907000,None,0,0,None,None,None,None,0,0,None,3536000,None,-204086000,5334000,27658000,2016-04-18,0.06,0.03,0.03,100,post-market
2015-12-31,USD,573968000,1823333000,1249365000,1249365000,59894000,1047515000,100071000,1518275000,None,-35429000,None,35429000,None,-3734000,None,996142000,20731000,-22447000,35429000,560568000,37760000,56160000,1056036000,43178000,USD,10202871000,5431840000,1809330000,2310715000,None,None,458214000,173412000,297346000,4312817000,4312817000,None,501385000,None,501385000,215127000,284802000,7979445000,3529624000,253491000,346721000,None,140389000,2423461000,None,2371362000,2371362000,2371362000,2371362000,2789023000,52099000,2223426000,None,941925000,1324809000,427940440,USD,-244745000,113736000,None,26394000,35974000,15488000,12854000,None,None,560568000,-40561000,-17458000,None,0,0,None,None,None,None,0,0,None,86171000,None,-306107000,-3343000,43178000,2016-01-19,0.07,0.02,0.05,250,post-market
2015-09-30,USD,564397000,1738355000,1173958000,1173958000,73641000,318994000,171762000,773410000,None,-35333000,None,35333000,None,3930000,None,906039000,42238000,12806000,35333000,29432000,29662000,77571000,979680000,29432000,USD,9916267000,5569713000,2115437000,2609642000,None,None,625464000,181268000,291037000,3891790000,3891790000,None,494205000,None,494205000,264887000,273496000,7748949000,3341418000,209365000,329739000,None,179350000,2440677000,None,2400000000,None,2400000000,2400000000,2622964000,40677000,2167318000,None,898747000,1306461000,427388288,USD,-195969000,37726000,None,45630000,-71172000,16047000,37820000,None,None,29432000,-47479000,72754000,None,0,0,None,None,None,None,0,0,None,35089000,None,-178435000,-7741000,29432000,2015-10-14,0.07,0.08,-0.01,-12.5,post-market
2015-06-30,USD,522942000,1644694000,1121752000,1121752000,74835000,293046000,155061000,699074000,None,-35217000,None,35217000,None,872000,None,858994000,40490000,14155000,35217000,26335000,31369000,75707000,933829000,26335000,USD,9654861000,5600510000,2293872000,2796758000,None,None,559284000,171396000,281773000,3640767000,3640767000,None,502886000,None,502886000,292806000,242188000,7622786000,3220069000,211729000,301754000,None,150406000,2460093000,None,2400000000,None,2400000000,2400000000,2556180000,60093000,2032075000,None,869315000,1200880000,426004831,USD,-181343000,39427000,None,64485000,39614000,15581000,27538000,None,None,26335000,-48330000,62547000,None,0,0,None,None,None,None,0,0,None,23804000,None,-160905000,6221000,26335000,2015-07-15,0.06,0.04,0.02,50,post-market
2015-03-31,USD,526728000,1573129000,1046401000,1046401000,97456000,286166000,143106000,663867000,None,-26737000,None,26737000,None,-32293000,None,785870000,38426000,14730000,26737000,23696000,-15012000,65163000,883326000,23696000,USD,9240626000,5539056000,2454777000,2957708000,None,None,532517000,145816000,277239000,3312353000,3312353000,None,502931000,None,502931000,210901000,243401000,7331412000,3008849000,190567000,285340000,None,107323000,2460772000,None,2400000000,None,2400000000,2400000000,2425619000,60772000,1909214000,None,842980000,61000,60620721,USD,-127382000,29001000,None,36051000,-23109000,15167000,13036000,None,None,23696000,-42822000,1522434000,None,0,0,None,None,None,None,0,0,None,10916000,None,1341169000,-11061000,23696000,2015-04-15,0.11,0.1,0.01,10,post-market
2014-12-31,USD,470396000,1484728000,1014332000,1014332000,65046000,812574000,51755000,1140129000,None,-13353000,None,13353000,-8200000,-6177000,None,764843000,45516000,-37855000,13353000,431796000,77280000,58869000,829889000,83371000,USD,7042500000,3927053000,1113608000,1608496000,None,None,342856000,149875000,264816000,2773326000,2773326000,None,494888000,None,494888000,152423000,192246000,5184792000,2663154000,201581000,274586000,None,69746000,959957000,None,900000000,885849000,885849000,900000000,2117241000,59957000,1857708000,None,819284000,1042870000,60415841,USD,-38461000,112579000,None,76763000,36099000,14312000,15491000,None,None,431796000,-51141000,24391000,None,0,0,None,None,None,None,0,0,None,64250000,None,-69609000,-4398000,83371000,2015-01-20,0.1,0.06,0.04,66.6667,post-market
2014-09-30,USD,455038000,1409432000,954394000,954394000,110407000,223678000,120953000,543608000,None,-13486000,None,13486000,0,616000,None,718780000,97537000,38242000,13486000,59295000,54438000,111023000,829187000,59295000,USD,6778329000,3823482000,1183217000,1666819000,None,None,436165000,144147000,252407000,2631882000,2631882000,None,483602000,None,483602000,149682000,178818000,5053455000,2548655000,150374000,252956000,None,70559000,994397000,None,900000000,None,900000000,900000000,2074766000,94397000,1724874000,None,735913000,60000,60246379,USD,-37439000,21060000,None,17649000,-12960000,14357000,21032000,None,None,59295000,-20411000,30662000,None,0,0,None,None,None,None,0,0,None,9877000,None,-31027000,-3839000,59295000,2014-10-15,0.14,0.13,0.01,7.6923,post-market
2014-06-30,USD,425559000,1340407000,914848000,914848000,129600000,180777000,115182000,471155000,None,-13328000,None,13328000,0,1100000,None,668937000,117372000,46354000,13328000,71018000,73017000,130700000,798537000,71018000,USD,6325822000,3668380000,1214244000,1714365000,None,None,409546000,141715000,245090000,2348796000,2348796000,None,500121000,None,500121000,167674000,166931000,4716117000,2335124000,137226000,241330000,None,98548000,990223000,None,900000000,None,900000000,900000000,1858020000,90223000,1609705000,None,676618000,60000,60091015,USD,56024000,14628000,None,67237000,20685000,12977000,19869000,None,None,71018000,-28953000,28473000,None,0,0,None,None,None,None,0,0,None,14469000,None,56794000,1250000,71018000,2014-07-21,0.16,0.17,-0.01,-5.8824,pre-market
2014-03-31,USD,400903000,1270089000,869186000,869186000,97595000,192998000,110310000,479570000,None,-10052000,None,10052000,0,1401000,None,629238000,88944000,35829000,10052000,53115000,54043000,98996000,726833000,53115000,USD,6048106000,3586784000,1157450000,1668243000,None,None,365348000,133473000,234631000,2179474000,2179474000,None,510793000,None,510793000,147131000,148375000,4569748000,2263653000,133883000,None,None,54858000,984216000,None,900000000,None,900000000,900000000,1844897000,84216000,1478358000,None,605600000,60000,59940336,USD,36359000,32732000,None,36618000,-35066000,12382000,13334000,None,None,53115000,57639000,458186000,None,0,0,None,None,None,None,0,0,None,32448000,None,552485000,301000,53115000,2014-04-21,0.12,0.12,0,0,pre-market
2013-12-31,USD,354553000,1175230000,820677000,811849000,82288000,620865000,98128000,870679000,None,-7438000,None,7438000,-8400000,-846000,None,603275000,74004000,25583000,7438000,363381000,50426000,81442000,685563000,48421000,USD,5412563000,3058763000,604965000,1200405000,None,None,262729000,133605000,223591000,2091071000,2091071000,None,595440000,None,595440000,151937000,129124000,4079002000,2154203000,108435000,215767000,None,54018000,579209000,None,529500000,None,500000000,500000000,1775983000,79209000,1333561000,None,552485000,60000,59607001,USD,41445000,55767000,None,39344000,-53686000,12845000,23109000,None,None,363381000,64622000,59928000,None,0,0,None,None,None,None,0,0,None,155561000,None,165909000,-86000,48421000,2014-01-22,0.11,0.09,0.02,22.2222,pre-market
2013-09-30,USD,307099000,1105999000,798900000,791019000,57120000,162320000,95540000,407047000,None,-7436000,None,7436000,0,-193000,None,582392000,49491000,17669000,7436000,31822000,35056000,56927000,639512000,31822000,USD,4901325000,2849278000,439056000,1134987000,None,None,312260000,127263000,217156000,1808387000,1808387000,None,695931000,None,695931000,106255000,116397000,3696955000,1935136000,100899000,None,None,46433000,582764000,None,500000000,None,500000000,500000000,1591981000,82764000,1204370000,None,504064000,59000,59257798,USD,34693000,20492000,None,-8076000,-8378000,11452000,10828000,None,None,31822000,-13669000,45795000,None,0,0,None,None,None,None,0,0,None,25561000,None,68378000,1559000,31822000,2013-10-21,0.07,0.07,0,0,pre-market
2013-06-30,USD,308698000,1069372000,760674000,753525000,57117000,165604000,93126000,403228000,None,-7528000,None,7528000,0,-2940000,None,539985000,46649000,17178000,7528000,29471000,27516000,54177000,597102000,29471000,USD,4480751000,2570322000,370678000,1080110000,None,None,294727000,127931000,219773000,1682202000,1682202000,None,709432000,None,709432000,94539000,100296000,3375129000,1670264000,103441000,None,None,59035000,580616000,None,500000000,None,500000000,500000000,1321217000,80616000,1105622000,None,472242000,59000,58922493,USD,33943000,20368000,None,13049000,-8572000,12026000,8088000,None,None,29471000,-127685000,48959000,None,0,0,None,None,None,None,0,0,None,28846000,None,-47373000,-2590000,29471000,2013-07-22,0.07,0.06,0.01,16.6667,pre-market
2013-03-31,USD,287009000,1023961000,736952000,726863000,31822000,173301000,91975000,445297000,None,-6740000,None,6740000,-25129000,977000,None,12051000,930000,-1759000,31869000,2689000,61000,7670000,19721000,2689000,USD,4363289000,2557100000,418051000,1025872000,None,None,229515000,129319000,208432000,1576674000,1576674000,None,607821000,None,607821000,82469000,100196000,3550370000,1688714000,102822000,None,None,52004000,578229000,None,500000000,None,500000000,500000000,1355010000,78229000,812919000,None,442771000,56000,56143986,USD,-12250000,11615000,None,22378000,5727000,12051000,12203000,None,None,2689000,-179236000,321582000,None,0,0,None,None,None,None,0,500000000,None,39146000,None,127760000,-2336000,2689000,2013-04-22,0.04,0.03,0.01,33.3333,pre-market
2012-12-31,USD,249372000,945239000,722059000,695867000,19638000,524795000,82139000,1121084000,None,-5016000,None,5016000,-4000000,282000,None,11963000,14904000,7007000,5016000,249372000,7810000,19920000,31883000,7897000,USD,3967890000,2240791000,290291000,748078000,None,None,221091000,131681000,204356000,1506008000,1506008000,None,457787000,None,457787000,124551000,89410000,3223217000,1675926000,86468000,None,None,53139000,270669000,None,200000000,None,200000000,200000000,1366847000,70669000,744673000,None,440082000,56000,55398615,USD,-14005000,48232000,None,4244000,28475000,11963000,19164000,None,None,249372000,-67820000,1832000,None,0,0,None,None,None,None,2058000,0,None,-506000,None,-80007000,-14000,7897000,2013-01-23,0.02,-0.02,0.04,200,pre-market
2012-09-30,USD,242451000,905089000,662638000,602165000,16135000,143795000,82521000,226316000,None,-4990000,None,4990000,0,801000,None,11128000,11946000,4271000,4990000,7675000,9720000,16936000,28064000,7675000,USD,3808833000,2225018000,370298000,798355000,None,None,217249000,133603000,196230000,1366566000,1366566000,None,428057000,None,428057000,57742000,83646000,3091993000,1598223000,91511000,None,None,70681000,262791000,None,200000000,None,200000000,200000000,1280885000,62791000,716840000,None,432185000,56000,55545531,USD,-2925000,111000,None,10998000,-11882000,11128000,13883000,None,None,7675000,-30449000,-158000,None,0,0,None,None,None,None,318000,0,None,618000,None,-31953000,1579000,7675000,2012-10-23,0.02,0.01,0.01,100,pre-market
2012-06-30,USD,245735000,889163000,643428000,583636000,16154000,148034000,81547000,229581000,None,-5006000,None,5006000,0,-493000,None,11047000,10655000,4491000,5006000,6164000,5548000,15661000,26708000,6164000,USD,3478290000,2137785000,402251000,813343000,None,None,237700000,124644000,185654000,1147805000,1147805000,None,411092000,None,411092000,52294000,68056000,2790064000,1498844000,90961000,None,None,50884000,262057000,None,200000000,None,200000000,200000000,1204209000,62057000,688226000,None,424510000,56000,55534266,USD,19407000,307000,None,9643000,3574000,11047000,3644000,None,None,6164000,-10654000,-117000,None,0,0,None,None,None,None,524000,0,None,1024000,None,6259000,-2377000,6164000,2012-07-24,0.02,0.01,0.01,100,pre-market
2012-03-31,USD,245858000,869791000,623933000,564015000,-1935000,164992000,82801000,247793000,None,-4974000,None,4974000,0,-116000,None,11331000,-7025000,-2441000,4974000,-4584000,-3713000,-2051000,9280000,-4584000,USD,3480459000,2058741000,395992000,804526000,None,None,239644000,128197000,178087000,1226274000,1226274000,None,408534000,None,408534000,45759000,67247000,2817057000,1446666000,83119000,None,None,49106000,262203000,None,200000000,None,200000000,200000000,1163839000,62203000,663402000,None,418346000,55000,55515631,USD,19109000,3755000,None,1833000,-14735000,11331000,4766000,None,None,-4584000,-135817000,4032000,None,0,0,None,None,None,None,1224000,None,None,2424000,None,-112061000,615000,-4584000,2012-04-23,-0.01,-0.04,0.03,75,pre-market
2011-12-31,USD,300420000,875575000,575155000,512578000,61872000,114288000,80783000,238548000,None,-4942000,None,4942000,None,-5037000,None,11826000,56835000,21616000,4942000,35219000,35337000,61777000,73603000,35219000,USD,3069196000,1830857000,508053000,797811000,None,None,191905000,136353000,169685000,1046934000,1046934000,None,289758000,None,289758000,57330000,55052000,2426386000,1225055000,86992000,None,None,2319000,261703000,None,200000000,None,200000000,200000000,7155000,61703000,642810000,None,422930000,55000,55398615,USD,65466000,53181000,None,14604000,-11429000,315859000,10656000,None,None,35219000,-115609000,398997000,None,0,0,None,None,None,None,1025000,None,None,182372000,None,348854000,0,35219000,2012-01-25,0.1,0.08,0.02,25,pre-market
2011-09-30,USD,285222000,821839000,536617000,471823000,96842000,118900000,69480000,188380000,None,-4915000,None,4915000,None,1696000,None,11913000,93623000,31163000,4915000,62460000,62164000,98538000,110451000,62460000,USD,1961558000,1190113000,159199000,365772000,None,None,205797000,143993000,161352000,570210000,570210000,None,206573000,None,206573000,41797000,28499000,1573206000,967966000,750107000,None,2259000,2259000,605240000,None,234659000,2259000,216500000,234659000,54671000,372840000,388352000,None,387711000,53000,52504091,USD,49531000,11761000,None,29490000,25913000,503752000,14080000,None,None,62460000,-41581000,-23958000,None,39602000,39602000,None,None,None,None,4409000,None,None,-30793000,None,-16008000,0,62460000,2011-10-24,0.17,0.13,0.04,30.7692,pre-market
2011-06-30,USD,298632000,788610000,489978000,428203000,115114000,125653000,57865000,183518000,None,-5303000,None,5303000,None,1013000,None,10182000,110824000,42610000,5303000,68214000,68508000,116127000,126309000,68214000,USD,1570693000,969444000,175207000,376407000,None,None,180565000,136948000,151193000,425246000,425246000,None,201200000,None,201200000,33792000,13172000,1236659000,726709000,533436000,None,2199000,2199000,535612000,None,235185000,2199000,224500000,235185000,44137000,276964000,334034000,None,333097000,53000,52536246,USD,86392000,None,None,17368000,-19447000,-102745000,8626000,None,None,68214000,-34949000,-26655000,None,51421000,51421000,None,None,None,None,7418000,None,None,-36603000,None,24788000,0,68214000,2011-07-25,0.18,0.16,0.02,12.5,pre-market
2011-03-31,USD,280402000,718553000,438151000,376992000,102240000,127257000,50905000,178162000,None,-4865000,None,4865000,None,865000,None,9826000,98240000,38007000,4865000,60233000,60073000,103105000,112931000,60233000,USD,1090188000,721602000,150419000,342721000,None,None,171032000,134800000,None,197554000,197554000,None,None,None,192302000,38351000,13780000,814466000,490318000,301009000,None,2141000,2141000,324148000,None,233564000,2141000,233564000,392302000,44123000,90584000,275722000,None,275080000,52000,52519159,USD,116323000,None,None,116495000,3296000,122753000,16320000,None,None,60233000,-73675000,-86728000,None,108643000,108643000,None,None,None,None,6762000,None,None,-101881000,None,-44080000,0,60233000,2011-04-25,0.16,0.15,0.01,6.6667,pre-market
2010-12-31,USD,205132000,595922000,390790000,336756000,78453000,81957000,45959000,126679000,None,-4832000,None,4832000,None,-18691000,None,9253000,74559000,27464000,4832000,205132000,47572000,79391000,88644000,47095000,USD,982067000,637231000,194499000,350387000,None,None,160127000,128570000,136579000,180973000,180973000,None,155888000,None,155888000,43621000,35293000,691903000,388579000,54129000,None,2083000,2083000,303324000,None,236206000,2083000,225000000,236206000,3911000,55145000,290164000,None,237739000,53000,52781949,USD,96717000,None,None,112985000,12621000,328000,14936000,None,50475000,205132000,-58183000,42857000,None,0,0,None,None,None,None,-33954000,None,None,15822000,None,81391000,None,47095000,2011-01-26,0.12,0.1,0.02,20,pre-market
2010-09-30,USD,208750000,553219000,344469000,292406000,69501000,98373000,42108000,139249000,None,-4945000,None,4945000,None,853000,None,8678000,65409000,27442000,4945000,37967000,37967000,70354000,79032000,37967000,USD,770283000,492247000,113108000,256813000,None,None,157989000,125057000,None,120047000,120047000,None,None,None,143705000,37723000,13713000,578308000,312107000,170120000,None,2027000,2027000,266201000,None,234659000,2027000,234659000,343705000,36974000,31542000,191975000,None,190644000,52000,52257495,USD,42227000,None,None,61262000,28859000,340000,7342000,None,None,37967000,-5606000,-30840000,None,57390000,57390000,None,None,None,None,10927000,None,None,-46463000,None,5781000,None,37967000,2010-10-20,0.1,0.1,0,0,pre-market
2010-06-30,USD,204885000,519819000,314934000,265387000,77342000,91652000,37863000,127543000,None,-4893000,None,4893000,None,921000,None,9309000,73370000,29851000,4893000,43519000,43519000,78263000,87572000,43519000,USD,693972000,441218000,107327000,279085000,None,None,158088000,123292000,None,94666000,94666000,None,None,None,171758000,35173000,12845000,517332000,258167000,120031000,None,1971000,1971000,259165000,None,235185000,1971000,235185000,371758000,34746000,23980000,176640000,None,175786000,52000,52358171,USD,60252000,None,None,28490000,11344000,373000,5671000,None,None,43519000,-11467000,-21319000,None,45145000,45145000,None,None,None,None,13109000,None,None,-32036000,None,27466000,None,43519000,2010-07-21,0.11,0.1,0.01,10,pre-market
2010-03-31,USD,186503000,493665000,307162000,259560000,58345000,92412000,37399000,128158000,None,-4959000,None,4959000,None,972000,None,10859000,54358000,22086000,4959000,32272000,32272000,59317000,70176000,32272000,USD,648293000,379538000,79861000,266330000,None,None,159324000,127165000,None,109431000,109431000,None,None,None,186469000,57642000,13368000,501558000,243447000,102703000,None,1917000,1917000,222407000,None,235704000,1917000,200000000,386469000,38718000,22407000,146735000,None,146196000,52000,52261855,USD,77205000,None,None,28843000,4415000,332000,6523000,None,-50475000,32272000,-40825000,-90743000,None,107724000,107724000,None,None,None,None,9918000,None,None,-97806000,None,-54363000,None,32272000,2010-04-21,0.08,0.08,0,0,pre-market
2009-12-31,USD,169056000,444542000,275486000,231598000,53349000,84239000,33209000,115707000,None,-4457000,None,4457000,None,2444000,None,10238000,51336000,20423000,4457000,30913000,31102000,55793000,66031000,30913000,USD,679734000,411013000,134224000,320242000,None,None,159911000,131653000,None,108810000,108810000,None,None,None,186018000,26701000,12300000,480591000,227436000,92542000,None,1410000,1410000,217650000,None,236572000,1410000,200000000,386018000,33387000,16583000,199143000,0,198817000,53000,53440073,USD,105817000,None,None,36765000,9390000,1292000,22433000,None,22091000,30913000,-153252000,125942000,None,79419000,79419000,None,212895000,212895000,None,9182000,None,None,-70237000,None,78507000,None,30913000,2010-01-27,0.08,0.06,0.02,33.3333,pre-market
2009-09-30,USD,147846000,423120000,275274000,233091000,49337000,70099000,30014000,98509000,None,-674000,None,674000,None,1808000,None,9618000,50471000,20330000,674000,30141000,30141000,51145000,60763000,30141000,USD,492131000,234962000,55717000,155462000,None,None,152630000,122119000,None,104539000,104539000,None,None,None,99745000,18239000,13267000,259929000,203522000,93451000,None,1342000,1342000,56407000,None,36940000,1342000,36940000,38282000,29606000,19467000,232202000,340362000,193399000,64000,54642694,USD,78311000,None,None,-12370000,-7625000,126000,9994000,None,None,30141000,15590000,-125655000,None,129686000,129686000,None,None,None,None,2725000,None,None,-126961000,None,-31754000,None,30141000,2009-10-22,0.07,0.06,0.01,16.6667,pre-market
2009-06-30,USD,139266000,408509000,269243000,224858000,52782000,59483000,27119000,86484000,None,-674000,None,674000,None,866000,None,9013000,52974000,20531000,674000,64886000,32443000,53648000,62661000,32443000,USD,591993000,342564000,87471000,254969000,None,None,149113000,120346000,None,100316000,100316000,None,None,None,167498000,22381000,11542000,267622000,211186000,None,None,1275000,1275000,56436000,None,37301000,1275000,37301000,38576000,27782000,19135000,324371000,215250000,163258000,64000,57415726,USD,75302000,None,None,-6911000,8845000,119000,6933000,None,None,32443000,-43749000,-59213000,None,72511000,72511000,None,None,None,None,9778000,None,None,-62733000,None,-27660000,None,32443000,2009-07-23,0.08,0.07,0.01,14.2857,pre-market
2009-03-31,USD,134830000,394098000,259268000,259268000,36471000,13014000,24200000,98359000,None,None,None,670000,None,None,None,9175000,37411000,15048000,None,None,None,38081000,47256000,22363000,,,,,,,,,,,,,,,,,,,,,,,,,,,,,,,,,,,,,,,,,,,,,,,,,,,,,,,,,,,,,,,,,,2009-04-23,0.05,0.04,0.01,25,pre-market
2008-12-31,USD,126749000,359595000,232846000,232846000,37921000,49662000,24052000,88828000,None,None,None,677000,None,None,None,9141000,38096000,15364000,None,None,None,38773000,47914000,22732000,,,,,,,,,,,,,,,,,,,,,,,,,,,,,,,,,,,,,,,,,,,,,,,,,,,,,,,,,,,,,,,,,,2009-01-26,0.05,0.05,0,0,pre-market
2008-09-30,USD,116773000,341269000,224496000,224496000,34074000,11742000,23368000,82699000,None,None,None,677000,None,None,None,8643000,34933000,14562000,None,None,None,35610000,44253000,20371000,,,,,,,,,,,,,,,,,,,,,,,,,,,,,,,,,,,,,,,,,,,,,,,,,,,,,,,,,,,,,,,,,,2008-10-20,0.05,0.04,0.01,25,pre-market
2008-06-30,USD,107527000,337614000,230087000,230087000,34201000,13419000,22186000,73326000,None,None,None,681000,None,None,None,8188000,35924000,9345000,None,None,None,36605000,44793000,26579000,,,,,,,,,,,,,,,,,,,,,,,,,,,,,,,,,,,,,,,,,,,,,,,,,,,,,,,,,,,,,,,,,,2008-07-25,0.06,0.06,0,0,pre-market
2008-03-31,,,,,,,,,,,,,,,,,,,,,,,,,,,,,,,,,,,,,,,,,,,,,,,,,,,,,,,,,,,,,,,,,,,,,,,,,,,,,,,,,,,,,,,,,,,2008-04-21,0.03,0.03,0,0,pre-market
2007-12-31,,,,,,,,,,,,,,,,,,,,,,,,,,,,,,,,,,,,,,,,,,,,,,,,,,,,,,,,,,,,,,,,,,,,,,,,,,,,,,,,,,,,,,,,,,,2008-01-23,0.03,0.02,0.01,50,pre-market
2007-09-30,,,,,,,,,,,,,,,,,,,,,,,,,,,,,,,,,,,,,,,,,,,,,,,,,,,,,,,,,,,,,,,,,,,,,,,,,,,,,,,,,,,,,,,,,,,2007-10-22,0.03,0.02,0.01,50,pre-market
2007-06-30,,,,,,,,,,,,,,,,,,,,,,,,,,,,,,,,,,,,,,,,,,,,,,,,,,,,,,,,,,,,,,,,,,,,,,,,,,,,,,,,,,,,,,,,,,,2007-07-23,0.05,0.03,0.02,66.6667,pre-market
2007-03-31,,,,,,,,,,,,,,,,,,,,,,,,,,,,,,,,,,,,,,,,,,,,,,,,,,,,,,,,,,,,,,,,,,,,,,,,,,,,,,,,,,,,,,,,,,,2007-04-18,0.02,0.02,0,0,pre-market
2006-12-31,,,,,,,,,,,,,,,,,,,,,,,,,,,,,,,,,,,,,,,,,,,,,,,,,,,,,,,,,,,,,,,,,,,,,,,,,,,,,,,,,,,,,,,,,,,2007-01-24,0.03,0.02,0.01,50,pre-market
2006-09-30,,,,,,,,,,,,,,,,,,,,,,,,,,,,,,,,,,,,,,,,,,,,,,,,,,,,,,,,,,,,,,,,,,,,,,,,,,,,,,,,,,,,,,,,,,,2006-10-23,0.03,0.02,0.01,50,pre-market
2006-06-30,,,,,,,,,,,,,,,,,,,,,,,,,,,,,,,,,,,,,,,,,,,,,,,,,,,,,,,,,,,,,,,,,,,,,,,,,,,,,,,,,,,,,,,,,,,2006-07-24,0.03,0.03,0,0,pre-market
2006-03-31,,,,,,,,,,,,,,,,,,,,,,,,,,,,,,,,,,,,,,,,,,,,,,,,,,,,,,,,,,,,,,,,,,,,,,,,,,,,,,,,,,,,,,,,,,,2006-04-24,0.01,0.01,0,0,pre-market
2005-12-31,,,,,,,,,,,,,,,,,,,,,,,,,,,,,,,,,,,,,,,,,,,,,,,,,,,,,,,,,,,,,,,,,,,,,,,,,,,,,,,,,,,,,,,,,,,2006-01-24,0.02,0.02,0,0,pre-market
2005-09-30,,,,,,,,,,,,,,,,,,,,,,,,,,,,,,,,,,,,,,,,,,,,,,,,,,,,,,,,,,,,,,,,,,,,,,,,,,,,,,,,,,,,,,,,,,,2005-10-19,0.03,0.02,0.01,50,pre-market
2005-06-30,,,,,,,,,,,,,,,,,,,,,,,,,,,,,,,,,,,,,,,,,,,,,,,,,,,,,,,,,,,,,,,,,,,,,,,,,,,,,,,,,,,,,,,,,,,2005-07-25,0.02,None,None,None,pre-market
2005-03-31,,,,,,,,,,,,,,,,,,,,,,,,,,,,,,,,,,,,,,,,,,,,,,,,,,,,,,,,,,,,,,,,,,,,,,,,,,,,,,,,,,,,,,,,,,,2005-04-21,-0.01,-0.03,0.02,66.6667,pre-market
2004-12-31,,,,,,,,,,,,,,,,,,,,,,,,,,,,,,,,,,,,,,,,,,,,,,,,,,,,,,,,,,,,,,,,,,,,,,,,,,,,,,,,,,,,,,,,,,,2005-01-24,0.02,0.01,0.01,100,pre-market
2004-09-30,,,,,,,,,,,,,,,,,,,,,,,,,,,,,,,,,,,,,,,,,,,,,,,,,,,,,,,,,,,,,,,,,,,,,,,,,,,,,,,,,,,,,,,,,,,2004-10-14,0.05,0.05,0,0,pre-market
2004-06-30,,,,,,,,,,,,,,,,,,,,,,,,,,,,,,,,,,,,,,,,,,,,,,,,,,,,,,,,,,,,,,,,,,,,,,,,,,,,,,,,,,,,,,,,,,,2004-07-15,0.02,0.02,0,0,pre-market
2004-03-31,,,,,,,,,,,,,,,,,,,,,,,,,,,,,,,,,,,,,,,,,,,,,,,,,,,,,,,,,,,,,,,,,,,,,,,,,,,,,,,,,,,,,,,,,,,2004-04-15,-0.0161,None,None,None,pre-market
2003-12-31,,,,,,,,,,,,,,,,,,,,,,,,,,,,,,,,,,,,,,,,,,,,,,,,,,,,,,,,,,,,,,,,,,,,,,,,,,,,,,,,,,,,,,,,,,,2004-01-21,0.01,0.01,0,0,pre-market
2003-09-30,,,,,,,,,,,,,,,,,,,,,,,,,,,,,,,,,,,,,,,,,,,,,,,,,,,,,,,,,,,,,,,,,,,,,,,,,,,,,,,,,,,,,,,,,,,2003-10-15,0.01,0.01,0,0,pre-market
2003-06-30,,,,,,,,,,,,,,,,,,,,,,,,,,,,,,,,,,,,,,,,,,,,,,,,,,,,,,,,,,,,,,,,,,,,,,,,,,,,,,,,,,,,,,,,,,,2003-07-17,0.01,0.01,0,0,pre-market
2003-03-31,,,,,,,,,,,,,,,,,,,,,,,,,,,,,,,,,,,,,,,,,,,,,,,,,,,,,,,,,,,,,,,,,,,,,,,,,,,,,,,,,,,,,,,,,,,2003-04-17,-0.0142,-0.01,-0.0042,-42,pre-market
2002-12-31,,,,,,,,,,,,,,,,,,,,,,,,,,,,,,,,,,,,,,,,,,,,,,,,,,,,,,,,,,,,,,,,,,,,,,,,,,,,,,,,,,,,,,,,,,,2003-01-15,-0.0117,-0.01,-0.0017,-17,pre-market
2002-09-30,,,,,,,,,,,,,,,,,,,,,,,,,,,,,,,,,,,,,,,,,,,,,,,,,,,,,,,,,,,,,,,,,,,,,,,,,,,,,,,,,,,,,,,,,,,2002-10-18,-0.0055,-0.01,0.0045,45,pre-market
2002-06-30,,,,,,,,,,,,,,,,,,,,,,,,,,,,,,,,,,,,,,,,,,,,,,,,,,,,,,,,,,,,,,,,,,,,,,,,,,,,,,,,,,,,,,,,,,,2002-08-28,-0.0939,None,None,None,pre-market
