fiscalDateEnding,reportedCurrency_x,grossProfit,totalRevenue,costOfRevenue,costofGoodsAndServicesSold,operatingIncome,sellingGeneralAndAdministrative,researchAndDevelopment,operatingExpenses,investmentIncomeNet,netInterestIncome,interestIncome,interestExpense,nonInterestIncome,otherNonOperatingIncome,depreciation,depreciationAndAmortization,incomeBeforeTax,incomeTaxExpense,interestAndDebtExpense,netIncomeFromContinuingOperations,comprehensiveIncomeNetOfTax,ebit,ebitda,netIncome_x,reportedCurrency_y,totalAssets,totalCurrentAssets,cashAndCashEquivalentsAtCarryingValue,cashAndShortTermInvestments,inventory,currentNetReceivables,totalNonCurrentAssets,propertyPlantEquipment,accumulatedDepreciationAmortizationPPE,intangibleAssets,intangibleAssetsExcludingGoodwill,goodwill,investments,longTermInvestments,shortTermInvestments,otherCurrentAssets,otherNonCurrentAssets,totalLiabilities,totalCurrentLiabilities,currentAccountsPayable,deferredRevenue,currentDebt,shortTermDebt,totalNonCurrentLiabilities,capitalLeaseObligations,longTermDebt,currentLongTermDebt,longTermDebtNoncurrent,shortLongTermDebtTotal,otherCurrentLiabilities,otherNonCurrentLiabilities,totalShareholderEquity,treasuryStock,retainedEarnings,commonStock,commonStockSharesOutstanding,reportedCurrency,operatingCashflow,paymentsForOperatingActivities,proceedsFromOperatingActivities,changeInOperatingLiabilities,changeInOperatingAssets,depreciationDepletionAndAmortization,capitalExpenditures,changeInReceivables,changeInInventory,profitLoss,cashflowFromInvestment,cashflowFromFinancing,proceedsFromRepaymentsOfShortTermDebt,paymentsForRepurchaseOfCommonStock,paymentsForRepurchaseOfEquity,paymentsForRepurchaseOfPreferredStock,dividendPayout,dividendPayoutCommonStock,dividendPayoutPreferredStock,proceedsFromIssuanceOfCommonStock,proceedsFromIssuanceOfLongTermDebtAndCapitalSecuritiesNet,proceedsFromIssuanceOfPreferredStock,proceedsFromRepurchaseOfEquity,proceedsFromSaleOfTreasuryStock,changeInCashAndCashEquivalents,changeInExchangeRate,netIncome_y,reportedDate,reportedEPS,estimatedEPS,surprise,surprisePercentage,reportTime
2024-03-31,EUR,5762000000,8041000000,2279000000,2279000000,1455000000,2638000000,1665000000,6586000000,None,-45000000,199000000,244000000,None,None,None,None,-980000000,None,None,-824000000,None,None,None,-828000000,EUR,72915000000,23796000000,9295000000,9295000000,None,None,49119000000,None,None,2449000000,2449000000,29558000000,None,5687000000,4312000000,2394000000,None,29579000000,19078000000,None,None,None,None,10501000000,None,None,None,None,None,4556000000,1015000000,43079000000,None,41630000000,None,1167229056,EUR,2757000000,None,None,None,None,313000000,187000000,None,None,None,None,-522000000,None,None,None,None,None,None,None,None,None,None,-432000000,None,None,None,-828000000,2024-04-22,0.81,1.07,-0.26,-24.2991,post-market
2023-12-31,EUR,6208000000,8468000000,2260000000,2260000000,1985000000,353000000,1667000000,4223000000,None,-93000000,284000000,195000000,None,None,None,331000000,1761000000,595000000,None,1201000000,None,1985000000,2316000000,1313000000,EUR,68291000000,20531000000,8124000000,8124000000,None,None,41412000000,None,None,2505000000,2505000000,29088000000,None,5107000000,3344000000,2702000000,None,24926000000,14576000000,None,None,None,1731000000,7945000000,1621000000,6027000000,1143000000,None,7945000000,6044000000,588000000,43116000000,None,42417000000,1229000000,1178000000,EUR,1968000000,None,None,None,None,331000000,190000000,None,None,None,None,-919000000,None,None,None,None,0,0,None,None,None,None,-231000000,None,None,None,1185000000,2024-01-23,1.41,1.58,-0.17,-10.7595,post-market
2023-09-30,EUR,5636000000,7744000000,2108000000,2108000000,1724000000,327000000,1515000000,3949000000,None,-75000000,50000000,279000000,None,None,None,328000000,1761000000,489000000,None,1272000000,None,2004000000,2332000000,1278000000,EUR,68011000000,20817000000,9378000000,9378000000,None,None,47194000000,4402000000,None,2190000000,2190000000,29144000000,None,5631000000,3050000000,2374000000,None,24771000000,13391000000,None,None,None,1640000000,11380000000,None,9228000000,None,None,10868000000,4877000000,626000000,42959000000,None,41102000000,1229000000,1180000000,EUR,1124000000,None,None,None,None,328000000,182000000,None,-282000000,None,2907000000,-2514000000,None,None,None,None,2395000000,2395000000,None,None,None,None,-718000000,None,None,None,3544000000,2023-10-18,1.45,1.36,0.09,6.6176,post-market
2023-06-30,EUR,5410000000,7555000000,2145000000,2145000000,1358000000,322000000,1565000000,4055000000,None,-175000000,11000000,363000000,None,None,None,349000000,1093000000,369000000,None,724000000,None,1453000000,1802000000,3455000000,EUR,69719000000,22990000000,14142000000,14142000000,None,None,46730000000,4361000000,None,2259000000,2259000000,28581000000,None,5513000000,480000000,2371000000,None,27490000000,16176000000,None,None,None,3068000000,11314000000,None,6975000000,None,None,12237000000,4781000000,677000000,41946000000,None,40225000000,1229000000,1176277897,EUR,867000000,None,None,None,None,349000000,156000000,None,-1053000000,None,6364000000,-3046000000,None,None,None,None,2395000000,2395000000,None,None,None,None,0,None,None,None,724000000,2023-07-20,3.14,1.16,1.98,170.6897,post-market
2023-03-31,EUR,5285000000,7441000000,2156000000,2156000000,1230000000,348000000,1573000000,4220000000,None,-112000000,30000000,293000000,None,None,None,365000000,677000000,274000000,None,403000000,None,1230000000,1595000000,407000000,EUR,73533000000,26507000000,8766000000,8766000000,7385000000,None,47026000000,4465000000,None,2349000000,2349000000,28563000000,None,5498000000,1124000000,2241000000,None,30537000000,18849000000,None,None,None,3689000000,11688000000,None,9239000000,None,None,12928000000,6006000000,970000000,40250000000,None,36866000000,1229000000,1174000000,EUR,2373000000,None,None,None,None,365000000,257000000,None,None,None,-499000000,-1213000000,None,None,None,None,2395000000,2395000000,None,None,None,None,0,None,None,None,403000000,2023-04-21,1.27,1.1,0.17,15.4545,pre-market
2022-12-31,EUR,6064000000,8436000000,2372000000,2372000000,1328000000,517000000,1621000000,4330000000,None,-880000000,133000000,1013000000,None,None,None,471000000,759000000,427000000,None,332000000,None,1328000000,1799000000,332000000,EUR,72160000000,18570000000,9006000000,9006000000,7385000000,None,53590000000,4934000000,None,3835000000,3835000000,33106000000,None,5626000000,856000000,2153000000,None,29308000000,17452000000,None,None,None,4824000000,11856000000,2140000000,9547000000,3984000000,None,14371000000,5165000000,706000000,40135000000,None,36368000000,1229000000,1172000000,EUR,2048000000,None,None,None,None,471000000,136000000,None,1203000000,None,667000000,-2171000000,None,None,None,None,2865000000,2865000000,None,None,None,None,1500000000,None,None,None,332000000,2023-01-26,0.99,1.37,-0.38,-27.7372,pre-market
2022-09-30,EUR,5575000000,7841000000,2266000000,2266000000,1239000000,521000000,1574000000,4344000000,None,-331000000,306000000,497000000,None,None,None,592000000,850000000,304000000,None,546000000,None,1239000000,1831000000,669000000,EUR,78234000000,20839000000,7340000000,7340000000,None,None,57395000000,5032000000,None,4328000000,4328000000,35699000000,None,6921000000,1482000000,2235000000,None,32188000000,20233000000,None,None,None,8579000000,11955000000,None,9565000000,None,None,18144000000,4241000000,611000000,42950000000,None,35764000000,1229000000,1173000000,EUR,848000000,None,None,None,None,492000000,282000000,None,-487000000,None,-947000000,-384000000,None,None,None,None,2865000000,2865000000,None,None,None,None,-500000000,None,None,None,547000000,2022-10-17,1.11,1.26,-0.15,-11.9048,post-market
2022-06-30,EUR,5317000000,7516000000,2199000000,2199000000,965000000,530000000,1545000000,4516000000,None,-118000000,178000000,297000000,None,None,None,473000000,538000000,335000000,None,203000000,None,965000000,1438000000,203000000,EUR,75575000000,20121000000,7492000000,7492000000,None,None,55454000000,4996000000,None,4295000000,4295000000,33913000000,None,6920000000,987000000,2112000000,None,32788000000,20894000000,None,None,None,8150000000,11894000000,None,7208000000,None,None,17665000000,3922000000,657000000,39844000000,None,35109000000,1229000000,1174000000,EUR,268000000,None,None,None,None,473000000,235000000,None,-1226000000,None,1047000000,-3057000000,None,None,None,None,2865000000,2865000000,None,None,None,None,-419000000,None,None,None,203000000,2022-07-21,0.96,1.08,-0.12,-11.1111,pre-market
2022-03-31,EUR,4978000000,7077000000,2099000000,2099000000,1053000000,504000000,1425000000,3936000000,None,-56000000,342000000,398000000,None,None,None,740000000,945000000,313000000,None,632000000,None,1053000000,1793000000,740000000,EUR,76374000000,23367000000,8942000000,8942000000,None,None,53007000000,4991000000,None,4032000000,4032000000,32159000000,None,6597000000,2544000000,1888000000,None,33756000000,21027000000,None,None,None,7143000000,12729000000,None,10070000000,None,None,17213000000,4561000000,1053000000,39850000000,None,37661000000,1229000000,1178000000,EUR,2482000000,None,None,None,None,460000000,221000000,None,None,None,-1762000000,-725000000,None,None,None,None,2865000000,2865000000,None,None,None,None,-581000000,None,None,None,632000000,2022-04-22,1,1.15,-0.15,-13.0435,pre-market
2021-12-31,EUR,5822000000,7980000000,2158000000,2158000000,1470000000,757000000,1412000000,4353000000,None,523000000,551000000,335000000,None,None,None,467000000,1957000000,517000000,None,1450000000,None,1003000000,1470000000,1454000000,EUR,71169000000,20044000000,8898000000,8898000000,588000000,None,51125000000,4975000000,None,3966000000,3966000000,31090000000,None,6275000000,2758000000,826000000,None,29646000000,16136000000,None,None,None,4167000000,13510000000,2143000000,11042000000,3760000000,None,15147000000,5958000000,62000000,38853000000,-3072000000,37022000000,1229000000,1179579340,EUR,1269000000,None,None,None,None,467000000,254000000,None,None,None,-1395000000,923000000,None,None,None,None,2182000000,2182000000,None,None,None,None,-581000000,None,None,None,1440000000,2022-01-13,1.86,1.69,0.17,10.0592,pre-market
2021-09-30,EUR,4887000000,6845000000,1958000000,1958000000,1249000000,576000000,1300000000,3651000000,None,484000000,534000000,233000000,None,None,None,437000000,1749000000,331000000,None,1418000000,None,1969000000,2406000000,1406000000,EUR,65030000000,16927000000,7943000000,7943000000,None,None,48103000000,4834000000,None,3810000000,3810000000,29654000000,None,5789000000,1557000000,1640000000,None,28206000000,14511000000,None,None,None,4205000000,13695000000,None,11342000000,None,None,15547000000,4318000000,723000000,35203000000,-3072000000,34492000000,1229000000,1180000000,EUR,1183000000,None,None,None,None,437000000,202000000,None,None,None,-940000000,-250000000,None,None,None,None,2182000000,2182000000,None,None,None,None,1847000000,None,None,None,1417000000,2021-10-12,1.74,1.32,0.42,31.8182,pre-market
2021-06-30,EUR,4724000000,6670000000,1946000000,1946000000,984000000,593000000,1306000000,3732000000,None,853000000,918000000,149000000,None,None,None,435000000,1804000000,355000000,None,1449000000,None,1959000000,2394000000,1356000000,EUR,63095000000,16502000000,7764000000,7764000000,None,None,46593000000,4827000000,None,3928000000,3928000000,29049000000,None,4945000000,879000000,1572000000,None,28973000000,15362000000,None,None,None,4262000000,13611000000,None,9639000000,None,None,15634000000,3849000000,675000000,32630000000,-3072000000,33111000000,1229000000,1180000000,EUR,686000000,None,None,None,None,435000000,191000000,None,None,None,239000000,-3390000000,None,None,None,None,2182000000,2182000000,None,None,None,None,1847000000,None,None,None,1449000000,2021-07-21,1.75,1.23,0.52,42.2764,pre-market
2021-03-31,EUR,4466000000,6350000000,1884000000,1884000000,960000000,505000000,1171000000,3346000000,None,315000000,369000000,232000000,None,None,None,436000000,1337000000,267000000,None,1070000000,None,524000000,960000000,1070000000,EUR,66495000000,20078000000,10332000000,10332000000,None,None,46417000000,4947000000,None,4082000000,4082000000,29374000000,None,4163000000,1413000000,1434000000,None,31659000000,16786000000,None,None,None,4594000000,14873000000,None,12369000000,None,None,16963000000,4189000000,945000000,33558000000,-3072000000,33930000000,1229000000,1215909091,EUR,3085000000,None,None,None,None,436000000,153000000,None,None,None,-967000000,2661000000,None,None,None,None,2000000,2000000,None,None,None,None,1847000000,None,None,None,1070000000,2021-04-13,1.4,0.92,0.48,52.1739,post-market
2020-12-31,EUR,5636000000,7539000000,1903000000,1903000000,2655000000,281000000,1134000000,2987000000,None,107000000,128000000,223000000,None,None,None,462000000,2705000000,773000000,None,1930000000,None,2459000000,2921000000,1908000000,EUR,58476000000,15085000000,5311000000,5311000000,None,None,43392000000,4942000000,None,3784000000,3784000000,27560000000,None,3512000000,1635000000,1334000000,None,28552000000,12868000000,None,None,None,2348000000,15684000000,None,13606000000,1482000000,None,15954000000,5157000000,769000000,29713000000,-3072000000,32022000000,1229000000,1182000000,EUR,2099000000,None,None,None,None,462000000,164000000,None,None,None,-1967000000,-2093000000,None,None,None,None,1864000000,1864000000,None,None,None,None,-750000000,None,None,None,1932000000,2021-01-29,1.69,1.63,0.06,3.681,pre-market
2020-09-30,EUR,4646000000,6536000000,1890000000,1890000000,1473000000,345000000,1113000000,3182000000,None,616000000,628000000,120000000,None,None,None,444000000,2070000000,418000000,None,1652000000,None,2182000000,2626000000,1556000000,EUR,59278000000,15617000000,7434000000,7434000000,None,None,43661000000,5114000000,None,3843000000,3843000000,28184000000,None,3201000000,530000000,1372000000,None,29909000000,13810000000,None,None,None,3867000000,16099000000,None,14144000000,None,None,18011000000,4427000000,718000000,29189000000,-3072000000,30103000000,1229000000,1180000000,EUR,1322000000,None,None,None,None,444000000,155000000,None,None,None,628000000,-623000000,None,None,None,None,1864000000,1864000000,None,None,None,None,-300000000,None,None,None,1651000000,2020-10-25,1.7,1.3,0.4,30.7692,post-market
2020-06-30,EUR,4715000000,6743000000,2028000000,2028000000,1284000000,414000000,1159000000,3435000000,None,92000000,153000000,151000000,None,None,None,461000000,1322000000,437000000,None,885000000,None,1470000000,1931000000,866000000,EUR,60709000000,16043000000,6205000000,6205000000,None,None,44666000000,5272000000,None,4158000000,4158000000,29214000000,None,2595000000,1419000000,1359000000,None,31638000000,15300000000,None,None,None,4066000000,16338000000,None,12705000000,None,None,18565000000,4132000000,603000000,28982000000,-3072000000,28529000000,1229000000,1180000000,EUR,788000000,None,None,None,None,461000000,164000000,None,None,None,-1274000000,-1058000000,None,None,None,None,1864000000,1864000000,None,None,None,None,-292000000,None,None,None,886000000,2020-07-27,1.17,1.14,0.03,2.6316,pre-market
2020-03-31,EUR,4455000000,6521000000,2066000000,2066000000,1210000000,315000000,1051000000,3229000000,None,-39000000,22000000,203000000,None,0,None,464000000,1122000000,310000000,None,812000000,None,1340000000,1804000000,814000000,EUR,62947000000,17333000000,7816000000,7816000000,0,None,45614000000,5383000000,0,4400000000,4400000000,29731000000,None,2499000000,358000000,1251000000,None,32177000000,17467000000,None,None,None,5142000000,14710000000,0,12507000000,0,None,17649000000,4141000000,797000000,30697000000,-3072000000,29593000000,1229000000,1191000000,EUR,2984000000,None,None,None,None,464000000,333000000,0,0,None,-373000000,-223000000,None,None,None,None,1864000000,1864000000,None,None,None,None,-150000000,None,0,0,811000000,2020-04-21,0.85,0.92,-0.07,-7.6087,pre-market
2019-12-31,EUR,5858000000,8040000000,2182000000,2182000000,2125000000,411000000,1190000000,3706000000,None,128000000,118000000,121000000,None,0,None,501000000,2241000000,587000000,None,1637000000,None,1889000000,2390000000,1620000000,EUR,60229000000,15193000000,5314000000,5314000000,0,None,45037000000,5460000000,0,4491000000,4491000000,29162000000,None,2336000000,297000000,1180000000,None,29389000000,14464000000,None,None,None,3273000000,14925000000,0,11086000000,2531000000,None,16197000000,5326000000,2597000000,30764000000,-1580000000,28798000000,1229000000,1194000000,EUR,180000000,None,None,None,None,501000000,95000000,0,0,None,-36000000,-292000000,None,None,None,None,1790000000,1790000000,None,None,None,None,-150000000,None,0,0,1654000000,2020-01-28,1.82,1.73,0.09,5.2023,pre-market
2019-09-30,EUR,4774000000,6791000000,2017000000,2017000000,1679000000,323000000,975000000,3079000000,None,42000000,69000000,211000000,None,0,None,474000000,1702000000,443000000,None,1259000000,None,1928000000,2402000000,1246000000,EUR,59800000000,14085000000,5525000000,5525000000,0,None,45715000000,5449000000,0,4736000000,4736000000,29833000000,None,2443000000,328000000,1307000000,None,29572000000,13884000000,None,None,None,2791000000,15688000000,0,13649000000,6602358575.30,None,16440000000,5183000000,726000000,30159000000,-1580000000,27215000000,1229000000,1194000000,EUR,638000000,None,None,None,None,474000000,164000000,0,0,None,-6985000000,-124000000,None,None,None,None,1790000000,1790000000,None,None,None,None,0,None,0,0,1258000000,2019-10-21,1.3,1.2,0.1,8.3333,pre-market
2019-06-30,EUR,4520000000,6631000000,2111000000,2111000000,827000000,457000000,1053000000,3495000000,None,29000000,145000000,129000000,None,0,None,455000000,815000000,233000000,None,582000000,None,1143000000,1598000000,569000000,EUR,57707000000,13551000000,5168000000,5168000000,0,None,44156000000,5405000000,0,4730000000,4730000000,28801000000,None,1990000000,402000000,1211000000,None,30066000000,14213000000,None,None,None,2183000000,15853000000,0,12342000000,4879035852.15,None,16250000000,5000000000,676000000,27581000000,-1580000000,25972000000,1229000000,1194000000,EUR,-123000000,None,None,None,None,455000000,180000000,0,0,None,-6700000000,-1916000000,None,None,None,None,1790000000,1790000000,None,None,None,None,0,None,0,0,583000000,2019-07-18,1.09,1.1,-0.01,-0.9091,pre-market
2019-03-31,EUR,4051000000,6092000000,2041000000,2041000000,-136000000,439000000,1061000000,3300000000,None,0,129000000,129000000,None,0,None,442000000,-140000000,-33000000,None,-107000000,None,875000000,1317000000,-114000000,EUR,60596000000,16062000000,7332000000,7332000000,0,None,44534000000,6944486007.69,0,4953000000,4953000000,29074000000,None,1768000000,591000000,1045000000,None,31368000000,14650000000,None,None,None,1618000000,16718000000,0,46310072409.64,0,None,16353000000,5322000000,814000000,29177000000,-3521963175.87,27211000000,1229000000,1194000000,EUR,2802000000,None,None,None,None,442000000,359000000,0,0,None,-8175456820.94,2433000000,None,None,None,None,5625723082,5625723082,None,None,None,None,0,None,0,0,-108000000,2019-04-24,0.9,0.85,0.05,5.8824,pre-market
2018-12-31,EUR,5418000000,7428000000,2010000000,2010000000,2401000000,267000000,945000000,3023000000,None,None,None,189000000,None,0,None,376000000,2316000000,624000000,None,2547544906.70,None,2122000000,2498000000,1683000000,EUR,51491000000,16620000000,8627000000,8627000000,0,None,34871000000,5024156987.18,0,3227000000,3227000000,23725000000,None,1931787606.96,448000000,890000000,None,22614000000,10481000000,None,None,None,768000000,12133000000,0,15899517530.78,1159072564.18,None,11303000000,5199000000,0,28832000000,-999999999999999999.99,27407000000,1229000000,1194000000,EUR,819000000,None,None,None,None,376000000,312000000,0,0,None,-689708544.06,3753000000,None,None,None,None,4077104499.24,4077104499.24,None,None,None,None,0,None,0,0,1687000000,2019-01-29,1.51,1.55,-0.04,-2.5806,pre-market
2018-09-30,EUR,4112000000,6020000000,1908000000,1908000000,1236000000,284000000,918000000,2873000000,None,None,None,74000000,None,0,None,351000000,1278000000,304000000,None,1127575827.74,None,1356000000,1707000000,971000000,EUR,45646000000,11391000000,4507000000,4507000000,0,None,34255000000,3959249826.35,0,3258000000,3258000000,23510000000,None,1691363741.61,484000000,1025000000,None,18639000000,10094000000,None,None,None,1123000000,8545000000,0,7874507987.96,1300069460.52,None,7925000000,4122000000,0,26964000000,-188698664188530000,25769000000,1229000000,1194000000,EUR,499000000,None,None,None,None,351000000,328000000,0,0,None,-441074322.76,-147000000,None,None,None,None,2398980023.39,2398980023.39,None,None,None,None,0,None,0,0,973000000,2018-10-18,1.14,1.1,0.04,3.6364,pre-market
2018-06-30,EUR,4114000000,6000000000,1886000000,1886000000,1044000000,317000000,948000000,3059000000,None,None,None,76000000,None,0,None,332000000,1029000000,309000000,None,837988826.82,None,1116000000,1448000000,719000000,EUR,45481000000,11448000000,4515000000,4515000000,0,None,34034000000,3822160148.98,0,3383000000,3383000000,23377000000,None,1629422718.81,396000000,1006000000,None,19623000000,11437000000,None,None,None,1166000000,8186000000,0,7575651769.09,1357076350.09,None,7675000000,4229000000,0,25814000000,-1703771822250.10,24739000000,1229000000,1194000000,EUR,407000000,None,None,None,None,332000000,391000000,0,0,None,-2163640595.90,-1805000000,None,None,None,None,1944832402.23,1944832402.23,None,None,None,None,0,None,0,0,720000000,2018-07-19,0.98,0.99,-0.01,-1.0101,pre-market
2018-03-31,EUR,3604000000,5260000000,1656000000,1656000000,1025000000,231000000,814000000,2570000000,None,None,None,69000000,None,None,None,303000000,990000000,282000000,None,707000000,None,1070000000,1373000000,708000000,EUR,45473000000,15079000000,7598000000,7598000000,None,None,30393000000,3750208000,None,2838000000,2838000000,20854000000,None,1158000000,858000000,849000000,None,19786000000,11430000000,None,None,None,1594000000,8356000000,None,7982128000,1594000000,None,8073000000,3729000000,None,25657000000,-1960112000,25744000000,1229000000,1194000000,EUR,2578000000,None,None,None,None,303000000,427000000,None,None,None,-369000000,1482000000,None,None,None,None,1671000000,1671000000,None,None,None,None,None,None,None,None,708000000,2018-04-24,0.73,0.73,0,0,pre-market
2017-12-31,EUR,4982000000,6805000000,1823000000,1823000000,1964000000,255000000,878000000,3010000000,None,None,None,65000000,None,None,None,311000000,2060000000,193000000,None,3866000000,None,1822000000,2133000000,1846000000,EUR,42497000000,11930000000,4011000000,4011000000,239238000,None,30567000000,3566927000,None,2967000000,2967000000,21274000000,None,859000000,990000000,724000000,None,16957000000,10210000000,None,None,None,1561000000,6747000000,None,6013404000,1298000000,None,6595000000,4727000000,None,25509000000,-1912700000,24794000000,1229000000,1194000000,EUR,920000000,None,None,None,None,311000000,311000000,None,None,None,-1112000000,-600000000,None,None,None,None,1802098000,1802098000,None,None,None,None,-212000000,None,None,None,1867000000,2018-01-30,1.77,1.55,0.22,14.1935,pre-market
2017-09-30,EUR,3916000000,5589000000,1673000000,1673000000,1314000000,251000000,781000000,2671000000,None,None,None,58000000,None,None,None,319000000,1390000000,398000000,None,584000000,None,1381000000,1700000000,983000000,EUR,41430000000,11219000000,4220000000,4220000000,None,None,30212000000,3314728000,None,3038000000,3038000000,21353000000,None,1233000000,1013000000,756000000,None,17060000000,9507000000,None,None,None,1289000000,7553000000,None,6864534000,5811000000,None,7100000000,3598000000,None,24369000000,-1629013000,22992000000,1229000000,1198000000,EUR,611000000,None,None,None,None,319000000,354000000,None,None,None,-271000000,-300000000,None,None,None,None,1770769000,1770769000,None,None,None,None,-288000000,None,None,None,992000000,2017-10-19,1.01,1.01,0,0,pre-market
2017-06-30,EUR,3986000000,5781000000,1795000000,1795000000,926000000,278000000,842000000,2823000000,None,None,None,62000000,None,None,None,322000000,908000000,241000000,None,-924000000,None,1208000000,1530000000,668000000,EUR,42900000000,11638000000,4236000000,4236000000,None,None,31263000000,3102651000,None,3273000000,3273000000,21949000000,None,1497000000,868000000,751000000,None,18375000000,10318000000,None,None,None,542000000,8057000000,None,7103347000,6767000000,None,6767000000,3736000000,None,24518000000,-1244940000,22004000000,1229000000,1200000000,EUR,642000000,None,None,None,None,322000000,319000000,None,None,None,279000000,-2507000000,None,None,None,None,1710509000,1710509000,None,None,None,None,None,None,None,None,667000000,2017-07-20,0.94,0.94,0,0,pre-market
2017-03-31,EUR,3525000000,5285000000,1760000000,1760000000,673000000,291000000,852000000,2847000000,None,None,None,94000000,None,None,None,320000000,668000000,138000000,None,530000000,None,766000000,1086000000,521000000,EUR,47724000000,15147000000,5937000000,5937000000,None,None,32578000000,2802875000,None,3638000000,3638000000,23092000000,None,1447000000,1545000000,775000000,None,20957000000,12649000000,None,None,None,1775000000,8308000000,None,6903419000,8229000000,None,8229000000,3476000000,None,26736000000,-1175710000,22826000000,1229000000,1199000000,EUR,2872000000,None,None,None,None,320000000,291000000,None,None,None,-644000000,1000000,None,None,None,None,1499000000,1499000000,None,None,None,None,None,None,None,None,530000000,2017-04-25,0.73,0.73,0,0,pre-market
2016-12-31,EUR,4909000000,6723000000,1814000000,1814000000,1936000000,277000000,857000000,2966000000,None,None,None,59000000,None,None,None,336000000,1949000000,438000000,None,3633000000,None,1679000000,2015000000,1528000000,EUR,44354000000,11626000000,3702000000,3702000000,146673000,None,32728000000,2722416000,None,3786000000,3786000000,23311000000,None,990000000,1124000000,587000000,None,17972000000,9734000000,None,None,None,1813000000,8238000000,None,6804985000,1430000000,None,8294000000,4198000000,None,26361000000,-1159665000,22287000000,1229000000,1199000000,EUR,1000000000,None,None,None,None,336000000,335000000,None,None,None,-1799000000,-360000000,None,None,None,None,1454066000,1454066000,None,None,None,None,27000000,None,None,None,1526000000,2017-01-24,1.52,1.45,0.07,4.8276,post-market
2016-09-30,EUR,3729000000,5375000000,1646000000,1646000000,1103000000,268000000,766000000,2628000000,None,None,None,78000000,None,None,None,317000000,1013000000,288000000,None,0,None,1090000000,1407000000,730000000,EUR,41601000000,10374000000,4112000000,4112000000,None,None,31227000000,2666777000,None,3730000000,3730000000,22276000000,None,1411000000,501000000,637000000,None,17837000000,8949000000,None,None,None,1269000000,8888000000,None,8145303000,7248000000,None,8517000000,3193000000,None,23742000000,-1237304000,20785000000,1229000000,1199000000,EUR,707000000,None,None,None,None,317000000,260000000,None,None,None,-372000000,-443000000,None,None,None,None,1548596000,1548596000,None,None,None,None,None,None,None,None,726000000,2016-10-21,0.91,0.97,-0.06,-6.1856,pre-market
2016-06-30,EUR,3775000000,5236000000,1461000000,1461000000,1269000000,230000000,710000000,2496000000,None,None,None,62000000,None,None,None,306000000,1144000000,331000000,None,0,None,1217000000,1523000000,816000000,EUR,41788000000,10549000000,4206000000,4206000000,None,None,31239000000,2519709000,None,3884000000,3884000000,22354000000,None,1278000000,386000000,636000000,None,18824000000,8574000000,None,None,None,16000000,10250000000,None,9569157000,8688000000,None,8688000000,3041000000,None,22938000000,-1228965000,20054000000,1229000000,1198000000,EUR,439000000,None,None,None,None,306000000,238000000,None,None,None,-269000000,-1909000000,None,None,None,None,1519106000,1519106000,None,None,None,None,None,None,None,None,812000000,2016-07-20,0.82,0.89,-0.07,-7.8652,pre-market
2016-03-31,EUR,3078000000,4727000000,1649000000,1649000000,813000000,230000000,709000000,2255000000,None,None,None,70000000,None,None,None,309000000,743000000,173000000,None,0,None,824000000,1133000000,572000000,EUR,42884000000,12368000000,5743000000,5743000000,None,None,30516000000,2479603000,None,3954000000,3954000000,21922000000,None,None,360000000,550000000,None,19964000000,9708000000,None,None,None,828000000,10256000000,None,9840960000,None,None,9468000000,2661000000,None,22892000000,-1275680000,20621000000,1229000000,1199000000,EUR,2482000000,None,None,None,None,309000000,168000000,None,None,None,None,7000000,None,None,None,None,None,None,None,None,None,None,None,None,None,None,570000000,2016-04-08,0.64,0.71,-0.07,-9.8592,post-market
2015-12-31,EUR,4490000000,6346000000,1856000000,1856000000,1699000000,286000000,796000000,2733000000,None,None,None,76000000,None,None,None,324000000,1646000000,363000000,None,3056000000,None,1457000000,1781000000,1281000000,EUR,41390000000,9739000000,3411000000,3411000000,361000000,None,31651000000,2380293000,None,4280000000,4280000000,22689000000,None,939000000,27000000,122000000,None,18095000000,7867000000,None,None,None,567000000,10228000000,None,9370231000,567000000,None,9195000000,4296000000,None,23267000000,-1220552000,20044000000,1229000000,1199000000,EUR,397000000,None,None,None,None,324000000,212000000,None,None,None,-334000000,-1323000000,None,None,None,None,1429044000,1429044000,None,None,None,None,64000000,None,None,None,1278000000,2016-01-22,1.4,1.38,0.02,1.4493,pre-market
2015-09-30,EUR,3441000000,4985000000,1544000000,1544000000,1214000000,239000000,660000000,2084000000,None,None,None,60000000,None,None,None,319000000,1229000000,333000000,None,0,None,1434000000,1753000000,898000000,EUR,40657000000,9618000000,3844000000,3844000000,None,None,31039000000,2368576000,None,4353000000,4353000000,22231000000,None,None,921000000,530000000,None,19116000000,8595000000,None,None,None,1366000000,10521000000,None,10112773000,None,None,10427000000,3300000000,None,21513000000,-1259074000,18778000000,1229000000,1198000000,EUR,466000000,None,None,None,None,319000000,148000000,None,None,None,None,34000000,None,None,None,None,1468919000,1468919000,None,None,None,None,None,None,None,None,896000000,2015-10-13,0.98,0.92,0.06,6.5217,pre-market
2015-06-30,EUR,3363000000,4970000000,1607000000,1607000000,701000000,256000000,728000000,2295000000,None,None,None,50000000,None,None,None,325000000,637000000,168000000,None,0,None,1054000000,1379000000,471000000,EUR,40944000000,9710000000,3923000000,3923000000,76000000,None,31233000000,2392533000,None,4557000000,4557000000,22157000000,None,None,67000000,633000000,None,20141000000,9769000000,None,None,None,1367000000,10372000000,None,10064254000,None,None,10391000000,3217000000,None,20772000000,-1263748000,17883000000,1229000000,1198000000,EUR,409000000,None,None,None,None,325000000,137000000,None,None,None,None,-1305000000,None,None,None,None,1467866000,1467866000,None,None,None,None,None,None,None,None,469000000,2015-07-21,0.8,0.86,-0.06,-6.9767,pre-market
2015-03-31,EUR,2938000000,4497000000,1559000000,1559000000,638000000,272000000,724000000,2250000000,None,None,None,59000000,None,None,None,321000000,478000000,65000000,None,0,None,588000000,909000000,414000000,EUR,43931000000,11855000000,4635000000,4635000000,None,None,32076000000,2345834000,None,4895000000,4895000000,22838000000,None,None,959000000,484000000,None,21629000000,10954000000,None,None,None,1883000000,10675000000,None,9883868000,None,None,11165000000,2581000000,None,22209000000,-1310402000,18722000000,1229000000,1198000000,EUR,2366000000,None,None,None,None,321000000,139000000,None,None,None,None,-762000000,None,None,None,None,None,None,None,None,None,None,None,None,None,None,413000000,2015-04-21,0.58,0.63,-0.05,-7.9365,post-market
2014-12-31,EUR,3996000000,5458000000,1462000000,1462000000,1753000000,280000000,670000000,2211000000,None,None,None,52000000,None,None,None,277000000,1734000000,425000000,None,3280000000,None,1746000000,2023000000,1309000000,EUR,38507000000,8980000000,3328000000,3328000000,671000000,None,29527000000,2543630000,None,4608000000,4608000000,20945000000,None,645000000,41000000,122000000,None,18909000000,8544000000,None,None,None,2154000000,10365000000,None,10807403000,2155000000,None,11084000000,3841000000,None,19504000000,-1481162000,18317000000,1229000000,1195000000,EUR,417000000,None,None,None,None,277000000,265000000,None,None,None,-7240000000,5532000000,None,None,None,None,1444859000,1444859000,None,None,None,None,51000000,None,None,None,1309000000,2015-01-20,1.31,1.33,-0.02,-1.5038,pre-market
2014-09-30,EUR,2969000000,4254000000,1285000000,1285000000,1157000000,190000000,545000000,1752000000,None,None,None,39000000,None,None,None,255000000,1199000000,318000000,None,0,None,1298000000,1553000000,880000000,EUR,29593000000,8001000000,3354000000,3354000000,None,None,21592000000,2419525000,None,2953000000,2953000000,15088000000,None,None,461000000,471000000,None,11864000000,7048000000,None,None,None,744000000,4816000000,None,4943862000,None,None,4704000000,2840000000,None,17721000000,-1551981000,17025000000,1229000000,1198000000,EUR,507000000,None,None,None,None,255000000,168000000,None,None,None,None,19000000,None,None,None,None,1507783000,1507783000,None,None,None,None,None,None,None,None,881000000,2014-10-20,0.84,0.84,0,0,pre-market
2014-06-30,EUR,2862000000,4151000000,1289000000,1289000000,698000000,218000000,566000000,1836000000,None,None,None,30000000,None,None,None,243000000,719000000,163000000,None,0,None,1077000000,1320000000,557000000,EUR,28226000000,7610000000,3123000000,3123000000,125000000,None,20616000000,2528543000,None,2907000000,2907000000,14380000000,None,None,30000000,470000000,None,12072000000,7385000000,None,None,None,500000000,4687000000,None,5131012000,None,None,4248000000,2735000000,None,16147000000,-1689346000,16156000000,1229000000,1197000000,EUR,223000000,None,None,None,None,243000000,174000000,None,None,None,None,-1258000000,None,None,None,None,1634586000,1634586000,None,None,None,None,None,None,None,None,556000000,2014-07-17,0.79,0.76,0.03,3.9474,pre-market
2014-03-31,EUR,2462000000,3698000000,1236000000,1236000000,723000000,205000000,549000000,1724000000,None,None,None,31000000,None,None,None,235000000,704000000,170000000,None,0,None,751000000,986000000,534000000,EUR,29349000000,9664000000,4513000000,4513000000,None,None,19685000000,2523946000,None,2824000000,2824000000,13694000000,None,None,705000000,432000000,None,12733000000,7990000000,None,None,None,762000000,4743000000,None,5109889000,None,None,4528000000,2292000000,None,16609000000,-1757945000,16794000000,1229000000,1196000000,EUR,2352000000,None,None,None,None,235000000,130000000,None,None,None,None,5000000,None,None,None,None,None,None,None,None,None,None,None,None,None,None,534000000,2014-04-17,0.56,0.6,-0.04,-6.6667,pre-market
2013-12-31,EUR,3771000000,5109000000,1338000000,1338000000,1805000000,233000000,607000000,1943000000,None,None,None,43000000,None,None,None,237000000,1779000000,455000000,None,0,None,1609000000,1846000000,1320000000,EUR,27094000000,7352000000,2748000000,2748000000,319000000,None,19741000000,2507778000,None,2956000000,2956000000,13688000000,None,358000000,38000000,58000000,None,11046000000,6347000000,None,None,None,586000000,4699000000,None,5073428000,4268000000,None,4268000000,3633000000,None,16040000000,-1763712000,16258000000,1229000000,1196000000,EUR,792000000,None,None,None,None,237000000,165000000,None,None,None,-1781000000,-988000000,None,None,None,None,1395813000,1395813000,None,None,None,None,None,None,None,None,1319000000,2014-01-21,1.28,1.28,0,0,pre-market
2013-09-30,EUR,2805000000,4046000000,1241000000,1241000000,1043000000,207000000,552000000,1745000000,None,None,None,45000000,None,None,None,236000000,1035000000,274000000,None,0,None,1097000000,1333000000,762000000,EUR,27534000000,7197000000,3255000000,3255000000,None,None,20336000000,2397049000,None,3108000000,3108000000,13876000000,None,None,221000000,413000000,None,12618000000,7431000000,None,None,None,1748000000,5187000000,None,5141947000,None,None,5547000000,2655000000,None,14907000000,-1737894000,14973000000,1229000000,1195000000,EUR,558000000,None,None,None,None,236000000,136000000,None,None,None,None,403000000,None,None,None,None,1371096000,1371096000,None,None,None,None,None,None,None,None,762000000,2013-10-21,0.78,0.82,-0.04,-4.878,pre-market
2013-06-30,EUR,2855000000,4062000000,1207000000,1207000000,988000000,232000000,567000000,1849000000,None,None,None,49000000,None,None,None,245000000,963000000,239000000,None,0,None,1029000000,1274000000,725000000,EUR,27494000000,7776000000,3386000000,3386000000,None,None,19717000000,2278051000,None,2996000000,2996000000,13333000000,None,None,296000000,407000000,None,13116000000,7797000000,None,None,None,1365000000,5319000000,None,5020559000,None,None,5224000000,2424000000,None,14369000000,-1730330000,14212000000,1229000000,1195000000,EUR,320000000,None,None,None,None,245000000,152000000,None,None,None,None,-1008000000,None,None,None,None,1317913000,1317913000,None,None,None,None,None,None,None,None,724000000,2013-07-18,0.73,0.75,-0.02,-2.6667,pre-market
2013-03-31,EUR,2391000000,3601000000,1210000000,1210000000,646000000,197000000,557000000,1732000000,None,None,None,44000000,None,None,None,233000000,621000000,101000000,None,0,None,678000000,911000000,520000000,EUR,29294000000,9269000000,4473000000,4473000000,92000000,None,20025000000,2210760000,None,3168000000,3168000000,13512000000,None,None,129000000,346000000,None,14341000000,8309000000,None,None,None,600000000,6032000000,None,5687741000,None,None,5038000000,2941000000,None,14944000000,-1709654000,14500000000,1229000000,1195000000,EUR,2162000000,None,None,None,None,233000000,113000000,None,None,None,None,4000000,None,None,None,None,None,None,None,None,None,None,None,None,None,None,520000000,2013-04-19,0.58,0.58,0,0,pre-market
2012-12-31,EUR,3655000000,5022000000,1367000000,1367000000,1591000000,306000000,630000000,2065000000,None,None,None,56000000,None,None,None,241000000,1528000000,424000000,None,0,None,1341000000,1582000000,1100000000,EUR,26870000000,7033000000,2475000000,2475000000,59000000,None,19836000000,2252169000,None,3234000000,3234000000,13274000000,None,None,154000000,332000000,None,12696000000,6689000000,None,None,None,802000000,6007000000,None,5768875000,None,None,5247000000,3593000000,None,14166000000,-1762968000,13976000000,1229000000,1194000000,EUR,765000000,None,None,None,None,241000000,171000000,None,None,None,None,1384000000,None,None,None,None,1727366000,1727366000,None,None,None,None,None,None,None,None,1100000000,2013-01-23,1.14,1.18,-0.04,-3.3898,pre-market
2012-09-30,EUR,2695000000,3952000000,1257000000,1257000000,921000000,232000000,547000000,1763000000,None,None,None,41000000,None,None,None,220000000,822000000,204000000,None,0,None,966000000,1186000000,618000000,EUR,24332000000,7656000000,3926000000,3926000000,233000000,None,16676000000,2098099000,None,2527000000,2527000000,11015000000,None,None,None,535000000,None,11023000000,7403000000,None,None,None,1000000000,3620000000,None,2631623000,None,None,1997000000,3536000000,None,13300000000,-1722704000,12880000000,1578717000,1193000000,EUR,657000000,None,None,None,None,220000000,2636000000,None,None,None,None,-277000000,None,None,None,None,1684136000,1684136000,None,None,None,None,None,None,None,None,619000000,2012-10-24,0.7,0.75,-0.05,-6.6667,pre-market
2012-06-30,EUR,2686000000,3898000000,1212000000,1212000000,-291000000,222000000,568000000,2974000000,None,None,None,39000000,None,None,None,210000000,865000000,204000000,None,0,None,952000000,1162000000,661000000,EUR,24488000000,7536000000,3376000000,3376000000,None,None,16952000000,2097821000,None,2689000000,2689000000,11163000000,None,None,745000000,918430000,None,11705000000,7465000000,None,None,None,1450000000,4240000000,None,3387423000,None,None,4204000000,2254000000,None,12774000000,-1706380000,12260000000,1555630000,1192000000,EUR,329000000,None,None,None,None,210000000,278000000,None,None,None,None,-1706000000,None,None,None,None,1659509000,1659509000,None,None,None,None,None,None,None,None,660000000,2012-07-24,0.7,0.7,0,0,pre-market
2012-03-31,EUR,2188000000,3350000000,1162000000,1162000000,631000000,209000000,523000000,1563000000,None,None,None,40000000,None,None,None,192000000,607000000,163000000,None,0,None,649000000,841000000,444000000,EUR,25633000000,9193000000,4548000000,4548000000,None,None,16440000000,2101438000,None,2679000000,2679000000,10765000000,None,None,1028000000,721370000,None,12586000000,8142000000,None,None,None,1675000000,4444000000,None,3737520000,None,None,3271000000,2222000000,None,13038000000,-1845426000,12912000000,1637415000,1191000000,EUR,2071000000,None,None,None,None,192000000,2728000000,None,None,None,None,405000000,None,None,None,None,None,None,None,None,None,None,-53000000,None,None,None,444000000,2012-04-25,0.49,0.51,-0.02,-3.9216,pre-market
2011-12-31,EUR,3320000000,4500000000,1180000000,1180000000,1668000000,200000000,537000000,2392000000,None,None,None,70000000,None,None,None,188000000,1623000000,-475000000,None,0,None,711000000,899000000,1197000000,EUR,23225000000,9669000000,4965000000,4965000000,11000000,None,13556000000,2012112000,None,2024000000,2024000000,8709000000,None,None,993000000,207000000,None,10518000000,6266000000,None,None,None,1331000000,4252000000,None,3675251000,None,None,2927000000,2952000000,None,12699000000,-1786382000,12466000000,1228000000,1190000000,EUR,809000000,None,None,None,None,188000000,116000000,None,None,None,None,1000000,None,None,None,None,924975000,924975000,None,None,None,None,-88000000,None,None,None,1197000000,2012-01-25,1.08,1.05,0.03,2.8571,pre-market
2011-09-30,EUR,2359000000,3409000000,1050000000,1050000000,1759000000,168000000,436000000,599000000,None,None,None,69000000,None,None,None,179000000,1757000000,1010000000,None,0,None,1820000000,1999000000,1251000000,EUR,21239000000,8000000000,3911000000,3911000000,28000000,None,13239000000,2013315000,None,2081000000,2081000000,8441000000,None,None,1374000000,157000000,None,9900000000,4527000000,None,None,None,1000000,5373000000,None,3086546000,None,None,2296000000,2181000000,None,11331000000,-1839823000,11277000000,1651537000,1190000000,EUR,696000000,None,None,None,None,179000000,81000000,None,None,None,None,11000000,None,None,None,None,958914000,958914000,None,None,None,None,None,None,None,None,1251000000,2011-10-26,0.72,0.64,0.08,12.5,pre-market
2011-06-30,EUR,2247000000,3300000000,1053000000,1053000000,857000000,170000000,468000000,1389000000,None,None,None,38000000,None,None,None,179000000,804000000,216000000,None,0,None,878000000,1057000000,587000000,EUR,20896000000,7680000000,3842000000,3842000000,None,None,13216000000,2124715000,None,2107000000,2107000000,8213000000,None,None,721000000,379000000,None,10899000000,5588000000,None,None,None,1395000000,5311000000,None,3333029000,None,None,2295000000,1249000000,None,9987000000,-1995460000,10033000000,1783424000,1189000000,EUR,678000000,None,None,None,None,179000000,107000000,None,None,None,None,-677000000,None,None,None,None,1035490000,1035490000,None,None,None,None,None,None,None,None,588000000,2011-07-27,0.59,0.57,0.02,3.5088,pre-market
2011-03-31,EUR,1952000000,3024000000,1072000000,1072000000,597000000,177000000,498000000,1353000000,None,None,None,43000000,None,None,None,178000000,583000000,180000000,None,0,None,628000000,806000000,403000000,EUR,21610000000,8288000000,4477000000,4477000000,None,None,13322000000,2046607000,None,2218000000,2218000000,8264000000,None,None,252000000,345000000,None,11521000000,6212000000,None,None,None,141000000,5309000000,None,3958475000,None,None,4047000000,2504000000,None,10079000000,-1994130000,10159000000,1741672000,1189000000,EUR,1592000000,None,None,None,None,178000000,141000000,None,None,None,None,-511000000,None,None,None,None,2000000,2000000,None,None,None,None,-158000000,None,None,None,403000000,2011-04-28,0.44,0.47,-0.03,-6.383,pre-market
2010-12-31,EUR,2970000000,4058000000,1088000000,1088000000,544000000,175000000,487000000,1447000000,None,None,None,73000000,None,None,None,164000000,452000000,18000000,None,0,None,1554000000,1718000000,434000000,EUR,20841000000,7143000000,3518000000,3518000000,12000000,None,13698000000,1922678000,None,2376000000,2376000000,8431000000,None,None,158000000,356000000,None,11017000000,5149000000,None,None,None,1000000,5868000000,None,5782630000,None,None,1099000000,3315000000,None,9807000000,-1833776000,9767000000,1628106000,1188000000,EUR,870000000,None,None,None,None,164000000,134000000,None,None,None,None,-99000000,None,None,None,None,2000000,2000000,None,None,None,None,-158000000,None,None,None,434000000,2011-01-27,0.93,0.88,0.05,5.6818,pre-market
2010-09-30,EUR,1959000000,3003000000,1044000000,1044000000,716000000,157000000,453000000,1245000000,None,None,None,35000000,None,None,None,145000000,689000000,188000000,None,0,None,730000000,875000000,500000000,EUR,19086000000,6002000000,2828000000,2828000000,311000000,None,13084000000,1924542000,None,2400000000,2400000000,8285000000,None,None,258000000,223000000,None,9875000000,4050000000,None,None,None,525000000,5825000000,None,4969805000,None,None,54000000,1425000000,None,9194000000,-1891899000,9356000000,1668843000,1188000000,EUR,780000000,None,None,None,None,145000000,75000000,None,None,None,None,2170000000,None,None,None,None,807899000,807899000,None,None,None,None,-100000000,None,None,None,501000000,2010-10-27,0.66,0.67,-0.01,-1.4925,pre-market
2010-06-30,EUR,1982000000,2894000000,912000000,912000000,774000000,156000000,397000000,1207000000,None,None,None,23000000,None,None,None,114000000,676000000,185000000,None,0,None,786000000,900000000,491000000,EUR,15672000000,7366000000,3605000000,3605000000,202000000,None,8306000000,1739177000,None,829000000,829000000,5136000000,None,None,574000000,217000000,None,6701000000,4183000000,None,None,None,219000000,2518000000,None,1225413000,None,None,253000000,1347000000,None,8956000000,-1658056000,8851000000,1508106000,1189000000,EUR,510000000,None,None,None,None,114000000,68000000,None,None,None,None,467000000,None,None,None,None,730085000,730085000,None,None,None,None,None,None,None,None,491000000,2010-07-27,0.62,0.58,0.04,6.8966,pre-market
2010-03-31,EUR,1659000000,2509000000,850000000,850000000,557000000,148000000,393000000,1102000000,None,None,None,12000000,None,None,None,111000000,521000000,134000000,None,0,None,569000000,680000000,387000000,EUR,15193000000,6943000000,2413000000,2413000000,124000000,None,8250000000,1884172000,None,849000000,849000000,5052000000,None,None,683000000,168000000,None,6222000000,4752000000,None,None,None,265000000,1470000000,None,945467000,None,None,997000000,1531000000,None,8957000000,-1828715000,8958000000,1659640000,1190000000,EUR,772000000,None,None,None,None,111000000,57000000,None,None,None,None,-28000000,None,None,None,None,None,None,None,None,None,None,-120000000,None,None,None,387000000,2010-04-28,0.51,0.5,0.01,2,pre-market
2009-12-31,EUR,2240000000,3190000000,950000000,950000000,1002000000,171000000,473000000,1226000000,None,None,None,16000000,None,None,None,126000000,965000000,292000000,None,0,None,797000000,923000000,687000000,EUR,13374000000,5255000000,1884000000,1884000000,11000000,None,8119000000,1964917000,None,894000000,894000000,4994000000,None,None,486000000,328000000,None,4883000000,3416000000,None,None,None,4000000,1467000000,None,1001807000,None,None,703000000,2176000000,None,8477000000,-1891824000,8571000000,1757103000,1188000000,EUR,639000000,None,None,None,None,126000000,56000000,None,None,None,None,-1395000000,None,None,None,None,851321000,851321000,None,None,None,None,None,None,None,None,673000000,2010-01-27,0.99,0.93,0.06,6.4516,pre-market
2009-09-30,EUR,1660000000,2508000000,848000000,848000000,606000000,136000000,381000000,1033000000,None,None,None,13000000,None,None,None,120000000,552000000,116000000,None,0,None,689000000,809000000,447000000,EUR,14374000000,6033000000,2414000000,2414000000,329000000,None,8341000000,2007236000,None,944000000,944000000,5019000000,None,None,625000000,568000000,None,6542000000,4804000000,None,None,None,620000000,1738000000,None,None,None,None,None,2613000000,None,7812000000,-1939938000,8176000000,1793638000,1189000000,EUR,553000000,None,None,None,None,120000000,63000000,None,None,None,None,-892000000,None,None,None,None,869022000,869022000,None,None,None,None,None,None,None,None,455000000,2009-10-28,0.59,0.58,0.01,1.7241,pre-market
2009-06-30,EUR,1709000000,2576000000,867000000,867000000,641000000,123000000,373000000,1051000000,None,None,None,31000000,None,None,None,125000000,596000000,170000000,None,0,None,666000000,791000000,425000000,EUR,21423962000,None,3809234000,3809234000,None,None,None,1940368000,None,8454060000,8454060000,7046452000,None,None,1017852000,1420226000,None,11131880000,8591456000,None,None,None,None,None,None,None,None,None,None,7538554000,None,10287876000,-1880082000,10003270000,1718852000,1189000000,EUR,438000000,None,None,None,None,125000000,56000000,None,None,None,None,108000000,None,None,None,None,832788000,832788000,None,None,None,None,None,None,None,None,426000000,2009-07-29,0.56,0.51,0.05,9.8039,pre-market
2009-03-31,EUR,1490000000,2397000000,907000000,907000000,307000000,139000000,365000000,1017000000,None,None,None,24000000,None,None,None,128000000,287000000,91000000,None,0,None,479000000,607000000,196000000,EUR,15217000000,6833000000,2020000000,2020000000,118000000,None,8384000000,1860518000,None,1080000000,1080000000,5014000000,None,None,1083000000,79000000,None,7809000000,6900000000,None,None,None,681000000,909000000,None,None,None,None,2000000,3617000000,None,7406000000,-1794213000,7638000000,1625799000,1188000000,EUR,1385000000,None,None,None,None,128000000,50000000,None,None,None,None,13000000,None,None,None,None,None,None,None,None,None,None,None,None,None,None,196000000,2009-04-29,0.29,0.38,-0.09,-23.6842,pre-market
2008-12-31,EUR,2445334940,3493044920,1047709980,1047709980,1275657670,776148400,395792730,1169677270,None,None,None,171203000,None,None,None,136716820,1197249770,335967290,None,0,None,1334126190,1470843010,830731260,EUR,14195116740,5781200320,1276490180,1276490180,9338420,None,8413916420,1955620000,None,1127075460,1127075460,5008266480,None,None,382156880,225558760,None,6962151280,5832920800,None,None,None,2573812220,1129230480,None,2784000,None,None,2609729220,2110482920,None,7230810440,-1895768000,7707788200,1706469000,1188000000,EUR,211656480,None,None,None,None,136716820,95067600,None,None,None,None,-59010810,None,None,None,None,408190,408190,None,None,None,None,-475300,None,None,None,830731260,2009-01-28,1.03,0.95,0.08,8.4211,pre-market
2008-09-30,EUR,1794453100,2757641760,963188660,963188660,613518550,156000000,397900470,1180934550,None,None,None,0,None,None,None,146393950,601460960,191502900,None,0,None,601460960,747854910,388000000,EUR,13595287360,4997516420,1484502110,1484502110,314915880,None,8597770940,1954443000,None,1200794110,1200794110,5071280500,None,None,110646120,446130830,None,7045888180,3788920340,None,None,None,32626420,3256967840,None,None,None,None,None,2144832480,None,6547271370,-1929097000,6874244840,1726331000,1188000000,EUR,585738430,None,None,None,None,146393950,71781930,None,None,None,None,-355569570,None,None,None,None,781200,781200,None,None,None,None,-103382870,None,None,None,406586340,2008-10-28,0.62,0.56,0.06,10.7143,pre-market
2008-06-30,EUR,1825647850,2863337700,1037689850,1037689850,549664250,851503000,421303350,1275983600,None,None,None,0,None,None,None,123781280,555383300,172842400,None,0,None,533778000,657559280,382540900,EUR,13355888100,5064536500,1411969900,1411969900,147424400,None,8291351600,2140153000,None,1214344950,1214344950,4886610500,None,None,305016000,110568300,None,7199648500,3978552450,None,None,None,None,3221096050,None,None,None,None,None,1926684400,None,6154333250,-3218891000,6966438350,1962201000,1194029851,EUR,292306920,None,None,None,None,123781280,111420710,None,None,None,None,-1068493750,None,None,None,None,935431000,935431000,None,None,None,None,-125468020,None,None,None,383422300,2008-07-29,0.66,0.64,0.02,3.125,pre-market
2008-03-31,EUR,2305230640,3244550660,939320020,939320020,1125536170,152000000,411164540,1179694470,None,None,None,31000000,None,None,None,73510110,1155760560,386406100,None,0,None,1111192500,1184702610,755010790,EUR,10382700060,6418371460,1610422760,1610422760,4801090,None,3964328600,2125773000,None,403977430,403977430,1425237860,None,None,598764510,211933830,None,3868306800,3204384640,None,None,None,25377190,663922160,None,None,None,None,27434800,1984907780,None,6513707390,-3048785000,7170084980,1970884000,1206193000,EUR,597621110,None,None,None,None,73510110,108997960,None,None,None,None,-220776250,None,None,None,None,515060,515060,None,None,None,None,-250726330,None,None,None,755010790,2008-04-30,0.43,0.43,0,0,pre-market
2007-12-31,EUR,2305230640,3244550660,939320020,939320020,1125536170,774464360,411164540,1179694470,None,None,None,10222000,None,None,None,73510110,1155760560,386406100,None,0,None,1111192500,1184702610,755010790,EUR,10382700060,6418371460,1610422760,1610422760,4801090,None,3964328600,1921755000,None,403977430,403977430,1425237860,None,None,598764510,211933830,None,3868306800,3204384640,None,None,None,25377190,663922160,None,2921000,None,None,27434800,1984907780,None,6513707390,-2532160000,7170084980,1819534000,1206193000,EUR,597621110,None,None,None,None,73510110,108997960,None,None,None,None,-220776250,None,None,None,None,515060,515060,None,None,None,None,-250726330,None,None,None,755010790,2008-01-30,0.91,0.88,0.03,3.4091,pre-market
2007-09-30,EUR,1586543280,2422561890,836018610,836018610,601260660,633496080,357392700,985282620,None,None,None,0,None,None,None,66648080,632094540,222844860,None,0,None,597056040,663704120,407848140,EUR,9355279500,5385417450,1609668690,1609668690,217238700,None,3969862050,1835673000,None,2277884000,2277884000,1602660990,None,None,962157210,437981250,None,3278902830,2549401260,None,None,None,None,729501570,None,None,None,None,None,1289416800,None,6075675900,-2162710000,6407840880,1771687000,1206193000,EUR,326051800,None,None,None,None,66648080,97147810,None,None,None,None,-140817130,None,None,None,None,117570,117570,None,None,None,None,-250073380,None,None,None,408766030,2007-10-18,0.47,0.46,0.01,2.1739,pre-market
2007-06-30,EUR,1591310580,2423904370,832593790,832593790,576979370,664893000,353132060,1014331210,None,None,None,0,None,None,None,65016280,608007710,156619240,None,0,None,576979370,641995650,449172160,EUR,9555989950,5721773650,1929667240,1929667240,262263350,None,3834216300,1718392000,None,2240264000,2240264000,1657061110,None,None,879875070,367168690,None,3701976470,2941782140,None,None,None,None,760194330,None,None,None,None,None,1233007130,None,5853274710,-2968992000,8679840000,1714336000,1208067000,EUR,169906580,None,None,None,None,65016280,116426690,None,None,None,None,-685371470,None,None,None,None,751712000,751712000,None,None,None,None,-166959770,None,None,None,448812950,2007-07-19,0.5,0.44,0.06,13.6364,pre-market
2007-03-31,EUR,2064817326,2926736561,861919235,861919235,1043647377,598848000,380493047,1020594104,None,None,None,0,None,None,None,56634239,1096311054,308287441,None,0,None,984889877,1041524116,788577372,EUR,9502009959,6323595121,2398547252,2398547252,3976357,None,3178414838,1650352000,None,262561558,262561558,987510257,None,None,930878991,367303865,None,3357169821,2773048415,None,None,None,24555975,584121405,None,None,None,None,26169854,1733384082,None,6135385682,-2753707000,6594304119,1695823000,1221708000,EUR,581210130,None,None,None,None,56634239,134258606.2,None,None,None,None,-151096317.40,None,None,None,None,411529.55,411529.55,None,None,None,None,-232369951.09,None,None,None,788576614,2007-04-20,0.34,0.37,-0.03,-8.1081,pre-market
2006-12-31,EUR,2064817326.14,2926736561.58,861919235.44,861919235.44,1043647377.19,690838552.87,380493047.95,1020594104.55,None,None,None,5566000,None,None,None,56634239.84,1096311054.77,308287441.03,None,0,None,984889876.98,1041524116.82,788577372.33,EUR,9502009959.78,6323595121.03,2398547252.45,2398547252.45,3976357.12,None,3178414838.75,1591816000,None,262561558.01,262561558.01,987510257.73,None,None,930878991.75,367303865.92,None,3357169821.24,2773048415.68,None,None,None,24555975.21,584121405.56,None,2130000,None,None,26169854.91,1733384082.18,None,6135385682.72,-2298667000,6594304119.61,1672769000,1221708000,EUR,581210130.98,None,None,None,None,56634239.84,134258606.2,None,None,None,None,-151096317.40,None,None,None,None,411529.55,411529.55,None,None,None,None,-232369951.09,None,None,None,788576614.64,2007-01-24,0.87,0.78,0.09,11.5385,pre-market
2006-09-30,EUR,1478212960,2242534160,764321200,764321200,582302440,563391400,329367280,895910520,None,None,None,0,None,None,None,49593200,597273680,208809400,None,0,None,589394080,638987280,369553240,EUR,8713261680,5515720000,None,None,776140600,None,3197541680,1466617000,None,1271767440,1271767440,None,None,None,2792530240,985780000,None,3150264080,2472618480,None,None,None,None,677645600,None,None,None,None,None,1782365520,None,5554330040,-2013427000,8072738000,402178000,1221708000,EUR,302083160,None,None,None,None,49593200,100971400,None,None,None,None,-9889280,None,None,None,None,873880,873880,None,None,None,None,-22250160,None,None,None,386143040,2006-10-19,0.41,0.39,0.02,5.1282,pre-market
2006-06-30,EUR,1418853800,2196758200,777904400,777904400,531385400,573645800,314605200,887468400,None,None,None,0,None,None,None,54373150,554080800,139302800,None,0,None,529037600,583410750,415560600,EUR,8549905000,5345940600,None,None,836599400,None,3203964400,1432526000,None,1245116600,1245116600,None,None,None,2537189200,1068324000,None,3347180200,1033814600,None,None,None,None,2313365600,None,None,None,None,None,None,None,5194898800,-2020360000,7661011000,405094000,1228597000,EUR,107845230,None,None,None,None,54373150,118276640,None,None,None,288805000,-943209320,None,None,None,None,571221000,571221000,None,None,None,None,-519548410,None,None,None,414360580,2006-07-20,0.45,0.42,0.03,7.1429,pre-market
2006-03-31,EUR,1264740330,2040249730,775509400,775509400,408379950,548631650,311028770,856360380,None,None,None,0,None,None,None,53625650,428180190,146026770,None,0,None,421580110,475205760,282153420,EUR,9518140370,6652055630,3788445920,3788445920,721883750,None,2866084740,1345001000,None,909161020,909161020,None,None,None,None,876436000,None,3682844640,1436342410,None,None,None,None,2246502230,None,None,None,None,None,1436342410,None,5827045630,-1320723000,7444849000,384806000,1235617000,EUR,855535370,None,None,None,None,53625650,13200160,None,None,None,None,-270603280,None,None,None,None,None,None,None,None,None,None,-428180190,None,None,None,282153420,2006-04-20,0.31,0.3,0.01,3.3333,pre-market
2005-12-31,EUR,1857466860,2753301332,895834472,895834472,979109874,634567851.14,244978966,878356985,None,None,None,4570000,None,None,None,48789561,962251214,341823082,None,0,None,1082135759,1130925320,619197061,EUR,9055862204,6324288013,3211132139,3211132139,19360872,None,2731574190,1296658000,None,765661679,765661679,741956000,None,None,209405766,635071407,None,3270404389,1361248084,None,None,None,24281511,1909156304,None,8203000,None,None,31203164,430713771,None,5777848892,-918132000,5981641685,316217735,1239168000,EUR,592627914,None,None,None,None,48789561,2231736.45,None,None,None,None,-79026140.10,None,None,None,None,209878.83,209878.83,None,None,None,None,-262838804.92,None,None,None,619197061,2006-01-25,0.65,0.62,0.03,4.8387,pre-market
2005-09-30,EUR,1329072810,2011479800,682406990,682406990,516168990,536117550,275955080,812903820,None,None,None,0,None,None,None,53837880,516168990,182030610,None,0,None,527805650,581643530,333307190,EUR,8061711810,5563985860,3132755110,3132755110,638353920,None,2497725950,1270914000,None,633366780,633366780,None,None,None,None,770506000,None,2924957610,1648249770,None,None,None,None,1276707840,None,None,None,None,None,1648249770,None,5122623970,-916408000,6291864000,381033000,1239168000,EUR,238503530,None,None,None,None,53837880,126356550,None,None,None,368975000,-11268020,None,None,None,None,499480,499480,None,None,None,None,-29291420,None,None,None,334264180,2005-10-20,0.33,0.34,-0.01,-2.9412,pre-market
2005-06-30,EUR,1311576840,2011965480,700388640,700388640,459217080,557502750,301464450,852359760,None,None,None,0,None,None,None,52163370,439394760,150319260,None,0,None,455913360,508076730,288249570,EUR,7914061260,5870710440,3444128100,3444128100,627706800,None,2043350820,1247305000,None,581454720,581454720,None,None,None,None,-825930,None,3084022620,1498237020,None,None,None,None,1585785600,None,None,None,None,None,1498237020,None,4815997830,-884364000,5022480330,315505260,1238780000,EUR,-99253350,None,None,None,None,52163370,69717470,None,None,None,None,-393201100,None,None,None,None,411332000,411332000,None,None,None,None,-76253550,None,None,None,288009610,2005-07-21,0.33,0.31,0.02,6.4516,pre-market
2005-03-31,EUR,1091573450,1728003200,636429750,636429750,374143550,450515120,266143350,717429900,None,None,None,0,None,None,None,48600090,396515020,141943120,None,0,None,360257810,408857900,253800470,EUR,8270501030,6337297450,3976721650,3976721650,560829610,None,1933203580,1305979000,None,548486730,548486730,None,None,None,None,-771430,None,3450606390,911830260,None,None,None,None,2538776130,None,None,None,None,None,911830260,None,4799066030,-849470000,6249762000,409820000,1239712000,EUR,874801620,None,None,None,None,48600090,63257260,None,None,None,None,-70971560,None,None,None,None,None,None,None,None,None,None,-85628730,None,None,None,253800470,2005-04-21,0.27,0.26,0.01,3.8462,pre-market
2004-12-31,EUR,1658922329,2396769833,737847504,737847504,832333010,543297816.16,287464884,819588735,None,None,None,10996000,None,None,None,56720198,851170045,309585850,None,0,None,836363996,893084194,540757061,EUR,7579868550,5680943759,3194180956,3194180956,11683375,None,1898924790,1352559000,None,524505233,524505233,618290000,None,None,10156378,537247917,None,2967054448,728299661,None,None,None,27764799,2238754787,None,9852000,None,None,35036111,360325698,None,4590859270,-770537000,4826587864,315770563,1243136000,EUR,487440190,None,None,None,None,56720198,42024803.2,None,None,None,None,-51833305.92,None,None,None,None,763293.52,763293.52,None,None,None,None,304487,None,None,None,540757061,2005-01-26,0.58,0.55,0.03,5.4545,pre-market
2004-09-30,EUR,1149977400,1775629440,625652040,625652040,460795140,447124080,239645640,689182260,None,None,None,0,None,None,None,52773720,464816040,172898700,None,0,None,459186780,511960500,291113160,EUR,6868501380,4850009580,2833930320,2833930320,477682920,None,2018491800,1244183000,None,541213140,541213140,None,None,None,None,593533000,None,2725366020,1205465820,None,None,None,None,1519900200,None,None,None,None,None,1205465820,None,4123030860,-707769000,4282258500,316042740,1243136000,EUR,175622400,None,None,None,None,52773720,13912380,None,None,None,None,-37218840,None,None,None,None,884280,884280,None,None,None,None,-88083960,None,None,None,291649200,2004-10-21,0.3,0.29,0.01,3.4483,pre-market
2004-06-30,EUR,1140397440,1779052800,638655360,638655360,390243840,492723840,260709120,750153600,None,None,None,0,None,None,None,51320880,390243840,141012480,None,0,None,398442240,449763120,248411520,EUR,6894034560,4786225920,2762860800,2762860800,490264320,None,2107808640,1237387000,None,537815040,537815040,None,None,None,None,819840,None,2921909760,1442918400,None,None,None,None,1478991360,None,None,None,None,None,1442918400,None,3950808960,-587028000,4631675000,384856000,1243552000,EUR,304608500,None,None,None,None,51320880,117621580,None,None,None,None,-270669900,None,None,None,None,303258000,303258000,None,None,None,None,None,None,None,None,248258760,2004-07-22,0.27,0.28,-0.01,-3.5714,pre-market
2004-03-31,EUR,972368680,1554328900,581960220,581960220,332780600,405830000,230511440,639588080,None,None,None,0,None,None,None,48699600,363623680,133112240,None,0,None,331157280,379856880,228888120,EUR,7152347920,5174332500,2918729360,2918729360,568973660,None,1978015420,1253785000,None,440731380,440731380,None,None,None,None,819840,None,3150864120,3150052460,None,None,None,None,811660,None,None,None,None,None,3150052460,None,3947914240,-549452000,4668501000,387198000,1243608000,EUR,857924620,None,None,None,None,48699600,38148020,None,None,None,None,-12174900,None,None,None,None,None,None,None,None,None,None,None,None,None,None,228888120,2004-04-22,0.23,0.23,0,0,pre-market
2003-12-31,,,,,,,,,,,,,,,,,,,,,,,,,,,,,,,,,,,,,,,,,,,,,,,,,,,,,,,,,,,,,,,,,,,,,,,,,,,,,,,,,,,,,,,,,,,2004-01-22,0.46,0.44,0.02,4.5455,pre-market
2003-09-30,,,,,,,,,,,,,,,,,,,,,,,,,,,,,,,,,,,,,,,,,,,,,,,,,,,,,,,,,,,,,,,,,,,,,,,,,,,,,,,,,,,,,,,,,,,2003-10-16,0.24,0.2,0.04,20,pre-market
2003-06-30,,,,,,,,,,,,,,,,,,,,,,,,,,,,,,,,,,,,,,,,,,,,,,,,,,,,,,,,,,,,,,,,,,,,,,,,,,,,,,,,,,,,,,,,,,,2003-07-17,0.23,0.2,0.03,15,pre-market
2003-03-31,,,,,,,,,,,,,,,,,,,,,,,,,,,,,,,,,,,,,,,,,,,,,,,,,,,,,,,,,,,,,,,,,,,,,,,,,,,,,,,,,,,,,,,,,,,2003-04-17,0.17,0.13,0.04,30.7692,pre-market
2002-12-31,,,,,,,,,,,,,,,,,,,,,,,,,,,,,,,,,,,,,,,,,,,,,,,,,,,,,,,,,,,,,,,,,,,,,,,,,,,,,,,,,,,,,,,,,,,2003-01-30,0.41,0.31,0.1,32.2581,pre-market
2002-09-30,,,,,,,,,,,,,,,,,,,,,,,,,,,,,,,,,,,,,,,,,,,,,,,,,,,,,,,,,,,,,,,,,,,,,,,,,,,,,,,,,,,,,,,,,,,2002-10-17,0.18,0.11,0.07,63.6364,pre-market
2002-06-30,,,,,,,,,,,,,,,,,,,,,,,,,,,,,,,,,,,,,,,,,,,,,,,,,,,,,,,,,,,,,,,,,,,,,,,,,,,,,,,,,,,,,,,,,,,2002-07-19,0.14,0.13,0.01,7.6923,pre-market
2002-03-31,,,,,,,,,,,,,,,,,,,,,,,,,,,,,,,,,,,,,,,,,,,,,,,,,,,,,,,,,,,,,,,,,,,,,,,,,,,,,,,,,,,,,,,,,,,2002-04-18,0.09,0.1,-0.01,-10,pre-market
2001-12-31,,,,,,,,,,,,,,,,,,,,,,,,,,,,,,,,,,,,,,,,,,,,,,,,,,,,,,,,,,,,,,,,,,,,,,,,,,,,,,,,,,,,,,,,,,,2002-01-23,0.27,0.24,0.03,12.5,pre-market
2001-09-30,,,,,,,,,,,,,,,,,,,,,,,,,,,,,,,,,,,,,,,,,,,,,,,,,,,,,,,,,,,,,,,,,,,,,,,,,,,,,,,,,,,,,,,,,,,2001-10-18,0.06,0.13,-0.07,-53.8462,pre-market
2001-06-30,,,,,,,,,,,,,,,,,,,,,,,,,,,,,,,,,,,,,,,,,,,,,,,,,,,,,,,,,,,,,,,,,,,,,,,,,,,,,,,,,,,,,,,,,,,2001-07-20,0.16,0.13,0.03,23.0769,pre-market
2001-03-31,,,,,,,,,,,,,,,,,,,,,,,,,,,,,,,,,,,,,,,,,,,,,,,,,,,,,,,,,,,,,,,,,,,,,,,,,,,,,,,,,,,,,,,,,,,2001-04-19,0.09,0.08,0.01,12.5,pre-market
2000-12-31,,,,,,,,,,,,,,,,,,,,,,,,,,,,,,,,,,,,,,,,,,,,,,,,,,,,,,,,,,,,,,,,,,,,,,,,,,,,,,,,,,,,,,,,,,,2001-01-23,0.34,0.22,0.12,54.5455,pre-market
2000-09-30,,,,,,,,,,,,,,,,,,,,,,,,,,,,,,,,,,,,,,,,,,,,,,,,,,,,,,,,,,,,,,,,,,,,,,,,,,,,,,,,,,,,,,,,,,,2000-10-19,0.06,0.11,-0.05,-45.4545,pre-market
2000-06-30,,,,,,,,,,,,,,,,,,,,,,,,,,,,,,,,,,,,,,,,,,,,,,,,,,,,,,,,,,,,,,,,,,,,,,,,,,,,,,,,,,,,,,,,,,,2000-07-25,0.11,0.12,-0.01,-8.3333,pre-market
2000-03-31,,,,,,,,,,,,,,,,,,,,,,,,,,,,,,,,,,,,,,,,,,,,,,,,,,,,,,,,,,,,,,,,,,,,,,,,,,,,,,,,,,,,,,,,,,,2000-04-19,0.03,0.09,-0.06,-66.6667,pre-market
1999-12-31,,,,,,,,,,,,,,,,,,,,,,,,,,,,,,,,,,,,,,,,,,,,,,,,,,,,,,,,,,,,,,,,,,,,,,,,,,,,,,,,,,,,,,,,,,,2000-01-25,0.15,0.15,0,0,pre-market
1999-09-30,,,,,,,,,,,,,,,,,,,,,,,,,,,,,,,,,,,,,,,,,,,,,,,,,,,,,,,,,,,,,,,,,,,,,,,,,,,,,,,,,,,,,,,,,,,1999-10-21,0.03,0.09,-0.06,-66.6667,pre-market
1999-06-30,,,,,,,,,,,,,,,,,,,,,,,,,,,,,,,,,,,,,,,,,,,,,,,,,,,,,,,,,,,,,,,,,,,,,,,,,,,,,,,,,,,,,,,,,,,1999-07-21,0.12,0.13,-0.01,-7.6923,pre-market
1999-03-31,,,,,,,,,,,,,,,,,,,,,,,,,,,,,,,,,,,,,,,,,,,,,,,,,,,,,,,,,,,,,,,,,,,,,,,,,,,,,,,,,,,,,,,,,,,1999-04-22,0.09,0.06,0.03,50,pre-market
1998-12-31,,,,,,,,,,,,,,,,,,,,,,,,,,,,,,,,,,,,,,,,,,,,,,,,,,,,,,,,,,,,,,,,,,,,,,,,,,,,,,,,,,,,,,,,,,,1999-01-26,0.19,0.2,-0.01,-5,pre-market
1998-09-30,,,,,,,,,,,,,,,,,,,,,,,,,,,,,,,,,,,,,,,,,,,,,,,,,,,,,,,,,,,,,,,,,,,,,,,,,,,,,,,,,,,,,,,,,,,1998-10-22,0.1,0.09,0.01,11.1111,pre-market
1998-03-31,,,,,,,,,,,,,,,,,,,,,,,,,,,,,,,,,,,,,,,,,,,,,,,,,,,,,,,,,,,,,,,,,,,,,,,,,,,,,,,,,,,,,,,,,,,1998-05-26,0.08,0.07,0.01,14.2857,pre-market
1997-12-31,,,,,,,,,,,,,,,,,,,,,,,,,,,,,,,,,,,,,,,,,,,,,,,,,,,,,,,,,,,,,,,,,,,,,,,,,,,,,,,,,,,,,,,,,,,1998-02-18,0.21,0.3,-0.09,-30,pre-market
1997-09-30,,,,,,,,,,,,,,,,,,,,,,,,,,,,,,,,,,,,,,,,,,,,,,,,,,,,,,,,,,,,,,,,,,,,,,,,,,,,,,,,,,,,,,,,,,,1997-11-15,0.07,0.08,-0.01,-12.5,pre-market
1997-06-30,,,,,,,,,,,,,,,,,,,,,,,,,,,,,,,,,,,,,,,,,,,,,,,,,,,,,,,,,,,,,,,,,,,,,,,,,,,,,,,,,,,,,,,,,,,1997-08-15,0.12,0.1,0.02,20,pre-market
