fiscalDateEnding,reportedCurrency_x,grossProfit,totalRevenue,costOfRevenue,costofGoodsAndServicesSold,operatingIncome,sellingGeneralAndAdministrative,researchAndDevelopment,operatingExpenses,investmentIncomeNet,netInterestIncome,interestIncome,interestExpense,nonInterestIncome,otherNonOperatingIncome,depreciation,depreciationAndAmortization,incomeBeforeTax,incomeTaxExpense,interestAndDebtExpense,netIncomeFromContinuingOperations,comprehensiveIncomeNetOfTax,ebit,ebitda,netIncome_x,reportedCurrency_y,totalAssets,totalCurrentAssets,cashAndCashEquivalentsAtCarryingValue,cashAndShortTermInvestments,inventory,currentNetReceivables,totalNonCurrentAssets,propertyPlantEquipment,accumulatedDepreciationAmortizationPPE,intangibleAssets,intangibleAssetsExcludingGoodwill,goodwill,investments,longTermInvestments,shortTermInvestments,otherCurrentAssets,otherNonCurrentAssets,totalLiabilities,totalCurrentLiabilities,currentAccountsPayable,deferredRevenue,currentDebt,shortTermDebt,totalNonCurrentLiabilities,capitalLeaseObligations,longTermDebt,currentLongTermDebt,longTermDebtNoncurrent,shortLongTermDebtTotal,otherCurrentLiabilities,otherNonCurrentLiabilities,totalShareholderEquity,treasuryStock,retainedEarnings,commonStock,commonStockSharesOutstanding,reportedCurrency,operatingCashflow,paymentsForOperatingActivities,proceedsFromOperatingActivities,changeInOperatingLiabilities,changeInOperatingAssets,depreciationDepletionAndAmortization,capitalExpenditures,changeInReceivables,changeInInventory,profitLoss,cashflowFromInvestment,cashflowFromFinancing,proceedsFromRepaymentsOfShortTermDebt,paymentsForRepurchaseOfCommonStock,paymentsForRepurchaseOfEquity,paymentsForRepurchaseOfPreferredStock,dividendPayout,dividendPayoutCommonStock,dividendPayoutPreferredStock,proceedsFromIssuanceOfCommonStock,proceedsFromIssuanceOfLongTermDebtAndCapitalSecuritiesNet,proceedsFromIssuanceOfPreferredStock,proceedsFromRepurchaseOfEquity,proceedsFromSaleOfTreasuryStock,changeInCashAndCashEquivalents,changeInExchangeRate,netIncome_y,reportedDate,reportedEPS,estimatedEPS,surprise,surprisePercentage,reportTime
2024-03-31,USD,29815000000,36455000000,6640000000,6620000000,13818000000,6019000000,9978000000,16237000000,None,513000000,585000000,127000000,36455000000,None,3330000000,3374000000,14183000000,1814000000,None,12369000000,11869000000,13818000000,17832000000,12369000000,USD,222844000000,75330000000,32307000000,58120000000,None,13430000000,43270000000,98908000000,None,21479000000,829000000,20650000000,51683000000,57000000,25813000000,3696000000,8179000000,73315000000,28101000000,3785000000,1244000000,None,1676000000,45214000000,19246000000,18387000000,None,18387000000,37633000000,14845000000,1462000000,149529000000,None,76793000000,0,2545000000,USD,19246000000,830000000,None,-2303000000,-2526000000,3374000000,6400000000,-2520000000,None,12369000000,-8734000000,-19767000000,None,15008000000,15008000000,None,1273000000,1273000000,None,None,0,None,-15008000000,None,None,None,12369000000,2024-04-24,4.71,4.32,0.39,9.0278,post-market
2023-12-31,USD,31910000000,39605000000,7695000000,7695000000,16384000000,5515000000,10517000000,17245000000,None,-140000000,588000000,140000000,39745000000,None,3140000000,123000000,16807000000,2790000000,140000000,14017000000,15418000000,16384000000,17070000000,14017000000,USD,229623000000,85365000000,41862000000,65403000000,None,16169000000,41588000000,96587000000,None,21442000000,788000000,20654000000,47140000000,58000000,23541000000,3793000000,7582000000,76455000000,31960000000,5712000000,1301000000,90000000,1623000000,52609000000,600000000,18385000000,None,18385000000,18385000000,5506000000,1370000000,153168000000,None,82070000000,0,2565000000,USD,19404000000,699000000,None,983000000,2254000000,3172000000,7665000000,2843000000,-1270000000,14017000000,-6472000000,-8401000000,0,5942000000,5942000000,None,None,None,None,None,0,None,-5942000000,None,None,None,14017000000,2024-02-01,5.33,4.96,0.37,7.4597,post-market
2023-09-30,USD,27799000000,34009000000,6210000000,6210000000,13748000000,4947000000,9241000000,14300000000,None,-137000000,534000000,137000000,34146000000,None,2830000000,112000000,14020000000,2437000000,137000000,11583000000,11133000000,13748000000,14269000000,11583000000,USD,216274000000,78378000000,36890000000,61123000000,None,12944000000,40041000000,91772000000,None,21481000000,813000000,20668000000,48525000000,59000000,24233000000,4311000000,5468000000,73401000000,30531000000,5142000000,1035000000,85000000,1460000000,50276000000,574000000,18383000000,None,18383000000,18383000000,4931000000,8113000000,142873000000,None,75205000000,0,2576000000,USD,20402000000,816000000,None,627000000,1622000000,2859000000,6543000000,678000000,None,11583000000,-6077000000,-5875000000,0,3569000000,3569000000,None,None,None,None,0,0,None,-3569000000,None,None,None,11583000000,2023-10-25,4.39,3.63,0.76,20.9366,post-market
2023-06-30,USD,25939000000,31884000000,5945000000,5945000000,9392000000,7318000000,9344000000,16787000000,None,-115000000,323000000,115000000,31999000000,-99000000,2580000000,125000000,9293000000,1505000000,115000000,7788000000,7663000000,9392000000,9533000000,7788000000,USD,206688000000,69560000000,28785000000,53446000000,None,12511000000,43030000000,87949000000,None,21515000000,856000000,20659000000,49381000000,59000000,24661000000,3603000000,8501000000,72655000000,29921000000,3865000000,1014000000,181000000,1396000000,49883000000,579000000,18382000000,None,18382000000,18382000000,4723000000,7912000000,134033000000,None,67980000000,0,2568000000,USD,17309000000,521000000,None,4972000000,1441000000,2623000000,6216000000,1424000000,None,7788000000,-5203000000,5292000000,0,898000000,898000000,None,None,None,None,0,0,None,-898000000,None,17398000000,None,7788000000,2023-07-26,2.98,2.92,0.06,2.0548,post-market
2023-03-31,USD,22483000000,28591000000,6108000000,6108000000,7227000000,5929000000,9381000000,16231000000,None,-54000000,193000000,54000000,28645000000,80000000,2480000000,151000000,7307000000,1598000000,54000000,5709000000,6258000000,7227000000,7512000000,5709000000,USD,184491000000,52483000000,11551000000,37439000000,None,11044000000,41703000000,84156000000,None,21598000000,949000000,20649000000,51794000000,18000000,25888000000,4000000000,7188000000,59696000000,25381000000,4557000000,952000000,114000000,1479000000,41834000000,573000000,9925000000,None,9925000000,9925000000,4329000000,8219000000,124795000000,None,61241000000,0,2587000000,USD,13998000000,665000000,None,-826000000,-3397000000,2524000000,6842000000,-2546000000,None,5709000000,-6743000000,-10516000000,0,9365000000,9365000000,None,0,None,None,0,0,None,-9365000000,None,-3261000000,None,5709000000,2023-04-26,2.2,2.03,0.17,8.3744,post-market
2022-12-31,USD,23584000000,31920000000,8336000000,8336000000,6399000000,7659000000,9771000000,17159000000,None,-164000000,9000000,164000000,32084000000,-249000000,2330000000,142000000,6149000000,1496000000,164000000,4653000000,6177000000,6399000000,6455000000,4653000000,USD,185727000000,59549000000,14681000000,40763000000,None,13466000000,40476000000,79518000000,None,21203000000,897000000,20306000000,52106000000,17000000,26082000000,5345000000,6583000000,60014000000,27026000000,6107000000,1008000000,129000000,10000000000,40191000000,558000000,9923000000,None,9923000000,19923000000,4906000000,7764000000,125713000000,None,64799000000,0,2639000000,USD,14511000000,462000000,None,2686000000,790000000,2376000000,9043000000,1699000000,None,4653000000,-7531000000,-7060000000,0,6863000000,6863000000,None,None,None,None,0,0,None,-6863000000,None,-80000000,None,4653000000,2023-02-01,1.76,2.22,-0.46,-20.7207,post-market
2022-09-30,USD,21994000000,27710000000,5716000000,5716000000,5664000000,7164000000,9170000000,17237000000,None,-4000000,77000000,4000000,27714000000,-88000000,2130000000,137000000,5576000000,1181000000,4000000,4395000000,2752000000,5664000000,5717000000,4395000000,USD,178894000000,58315000000,14308000000,69244000000,None,11227000000,40346000000,73738000000,None,21143000000,875000000,20268000000,82271000000,33000000,54936000000,5312000000,5529000000,54800000000,22687000000,4846000000,991000000,64000000,1291000000,32630000000,517000000,19922000000,None,9922000000,19922000000,17011000000,7504000000,124094000000,None,67056000000,0,2682000000,USD,9692000000,421000000,None,1539000000,964000000,2175000000,9375000000,105000000,701000000,4395000000,-9701000000,2147000000,-191000000,6354000000,6354000000,None,None,None,None,0,9921000000,None,-6354000000,None,2138000000,None,4395000000,2022-10-26,1.64,1.89,-0.25,-13.2275,post-market
2022-06-30,USD,23626000000,28818000000,5192000000,5192000000,8358000000,6582000000,8690000000,15420000000,None,-4000000,91000000,4000000,28822000000,-172000000,1930000000,148000000,8186000000,1499000000,4000000,6687000000,5272000000,8358000000,8338000000,6687000000,USD,169779000000,55987000000,12681000000,68297000000,None,11525000000,39702000000,67588000000,None,21194000000,965000000,20229000000,83208000000,34000000,55616000000,3973000000,4344000000,44012000000,22217000000,4990000000,1031000000,78000000,1275000000,22329000000,534000000,None,None,None,16067000000,16402000000,7003000000,125767000000,None,69249000000,0,2704000000,USD,12196000000,394000000,None,1400000000,981000000,1979000000,7572000000,522000000,705000000,6687000000,-6959000000,-6563000000,-79000000,5233000000,5233000000,None,None,None,None,0,None,None,-5233000000,None,-1326000000,None,6687000000,2022-07-27,2.46,2.59,-0.13,-5.0193,post-market
2022-03-31,USD,21899000000,27904000000,6005000000,6005000000,8524000000,5672000000,7707000000,13517000000,None,-4000000,384000000,4000000,27908000000,384000000,2120000000,138000000,8908000000,1443000000,4000000,7465000000,6162000000,8524000000,9050000000,7465000000,USD,164218000000,59265000000,14886000000,43890000000,None,11390000000,36630000000,61582000000,None,20833000000,910000000,19923000000,58042000000,34000000,29004000000,3985000000,3522000000,40990000000,21086000000,4181000000,1037000000,81000000,1159000000,20428000000,524000000,None,None,None,14053000000,16161000000,7010000000,123228000000,None,67712000000,0,2725000000,USD,14076000000,393000000,None,-229000000,-3022000000,2156000000,5441000000,-2557000000,1118000000,7465000000,-4779000000,-10660000000,20000000,9506000000,9506000000,None,None,None,None,0,None,None,-9506000000,None,-1363000000,None,7465000000,2022-04-27,2.72,2.56,0.16,6.25,post-market
2021-12-31,USD,27179000000,33527000000,6348000000,6348000000,12585000000,7692000000,7046000000,14873000000,None,-4000000,117000000,4000000,33531000000,118000000,1970000000,135000000,12703000000,2418000000,4000000,10285000000,9799000000,12585000000,12842000000,10285000000,USD,165987000000,66666000000,16601000000,47998000000,None,14039000000,34771000000,57809000000,None,19831000000,634000000,19197000000,62828000000,34000000,31397000000,4629000000,2751000000,41108000000,21135000000,5135000000,1113000000,75000000,1127000000,26417000000,506000000,None,None,0,13873000000,15364000000,7227000000,124879000000,None,69761000000,0,2764000000,USD,18104000000,-7549000000,None,4003000000,1387000000,2014000000,5369000000,2038000000,3679000000,10285000000,5829000000,-21742000000,-1000000,20061000000,20061000000,None,None,None,None,0,None,None,-20061000000,None,2191000000,None,10285000000,2022-02-02,3.67,3.84,-0.17,-4.4271,post-market
2021-09-30,USD,23235000000,29006000000,5771000000,5771000000,10423000000,6500000000,6316000000,13028000000,None,-4000000,120000000,4000000,29010000000,142000000,1870000000,212000000,10565000000,1371000000,4000000,9194000000,8702000000,10423000000,10781000000,9194000000,USD,169585000000,75421000000,14496000000,58075000000,None,12088000000,33680000000,53726000000,None,19430000000,365000000,19065000000,87158000000,6758000000,43579000000,5258000000,3187000000,36225000000,17812000000,3104000000,881000000,72000000,1086000000,18920000000,507000000,None,None,None,12640000000,14067000000,6859000000,133360000000,None,79233000000,0,2814000000,USD,14090000000,1987000000,None,2180000000,797000000,1995000000,4314000000,555000000,1165000000,9194000000,-330000000,-15252000000,12000000,13458000000,13458000000,None,None,None,None,0,None,None,-13458000000,None,11064000000,None,9194000000,2021-10-25,3.22,3.19,0.03,0.9404,post-market
2021-06-30,USD,23674000000,29073000000,5399000000,5399000000,12367000000,5215000000,6096000000,11516000000,None,-4000000,121000000,4000000,29077000000,146000000,1860000000,205000000,12513000000,2119000000,4000000,10394000000,10525000000,12367000000,12722000000,10394000000,USD,170609000000,80697000000,16186000000,64080000000,None,11698000000,32610000000,50909000000,None,19733000000,514000000,19219000000,95788000000,6393000000,47894000000,4919000000,2352000000,32382000000,14874000000,1922000000,734000000,63000000,1051000000,18001000000,493000000,None,None,None,12007000000,12459000000,6552000000,138227000000,None,85097000000,0,2834000000,USD,13247000000,6650000000,None,1513000000,3403000000,1986000000,4612000000,1366000000,-642000000,10394000000,-8195000000,-8549000000,53000000,7079000000,7079000000,None,None,None,None,0,None,None,-7079000000,None,12254000000,None,10394000000,2021-07-28,3.61,3.03,0.58,19.1419,post-market
2021-03-31,USD,21036000000,26167000000,5131000000,5131000000,11378000000,4465000000,5197000000,9861000000,None,-4000000,118000000,4000000,26171000000,125000000,1850000000,199000000,11503000000,2006000000,4000000,9497000000,8724000000,11378000000,11706000000,9497000000,USD,163523000000,77322000000,19513000000,64219000000,None,10276000000,32139000000,47720000000,None,19561000000,505000000,19056000000,89412000000,6342000000,44706000000,2827000000,2376000000,29866000000,12717000000,1884000000,712000000,53000000,1040000000,17623000000,474000000,None,None,None,11614000000,10417000000,6575000000,133657000000,None,82343000000,0,2847000000,USD,12242000000,333000000,None,-1787000000,-378000000,1972000000,4272000000,-849000000,-2014000000,9497000000,-4874000000,-5185000000,-50000000,3939000000,3939000000,None,None,None,None,0,None,None,-3939000000,None,2183000000,None,9497000000,2021-04-28,3.3,2.37,0.93,39.2405,post-market
2020-12-31,USD,22730000000,27940000000,5210000000,5210000000,12775000000,4880000000,5207000000,10282000000,None,-3000000,136000000,3000000,27943000000,280000000,1740000000,195000000,13055000000,1836000000,3000000,11219000000,11838000000,12775000000,13253000000,11219000000,USD,159316000000,75670000000,17576000000,61954000000,None,11335000000,31779000000,45633000000,None,19673000000,623000000,19050000000,88756000000,62000000,44378000000,2381000000,2758000000,31026000000,14981000000,1331000000,717000000,54000000,1023000000,21539000000,469000000,None,None,None,10654000000,12245000000,6414000000,128290000000,None,77345000000,0,2854000000,USD,14040000000,333000000,None,2349000000,2861000000,1863000000,4613000000,3059000000,2607000000,11219000000,-5173000000,-3207000000,48000000,1929000000,1929000000,None,None,None,None,0,None,None,-1929000000,None,5660000000,None,11219000000,2021-01-27,3.88,3.22,0.66,20.4969,post-market
2020-09-30,USD,17272000000,21466000000,4194000000,4194000000,8040000000,4473000000,4763000000,9424000000,None,-4000000,146000000,4000000,21470000000,93000000,1580000000,188000000,8133000000,287000000,4000000,7846000000,8296000000,8040000000,8325000000,7846000000,USD,146437000000,65799000000,11617000000,55620000000,None,8024000000,74474000000,42291000000,14137000000,19775000000,744000000,19031000000,88006000000,6164000000,44003000000,2155000000,2969000000,28706000000,11944000000,1106000000,711000000,62000000,975000000,17228000000,466000000,None,None,None,10616000000,9484000000,7121000000,117731000000,None,68513000000,0,2850000000,USD,9829000000,310000000,None,168000000,106000000,1698000000,3689000000,377000000,187000000,7846000000,-16599000000,-2911000000,-7000000,1725000000,1725000000,None,None,None,None,0,None,None,-1725000000,None,9426000000,None,7846000000,2020-10-29,2.4,1.91,0.49,25.6545,post-market
2020-06-30,USD,14854000000,18683000000,3829000000,3829000000,5963000000,4433000000,4462000000,9073000000,None,-4000000,162000000,4000000,18687000000,168000000,1580000000,178000000,6131000000,953000000,4000000,5178000000,5580000000,5963000000,6313000000,5178000000,USD,139691000000,68130000000,21045000000,58240000000,None,7483000000,71561000000,39006000000,13082000000,19888000000,859000000,19029000000,74390000000,None,37195000000,2407000000,3238000000,29244000000,11308000000,920000000,486000000,48000000,899000000,18360000000,424000000,None,None,None,10532000000,9225000000,8303000000,110447000000,None,62784000000,0,2850000000,USD,3877000000,300000000,None,-4512000000,445000000,1704000000,3255000000,122000000,-4793000000,5178000000,-4178000000,-2152000000,63000000,1368000000,1368000000,None,None,None,None,0,None,None,-1368000000,None,6758000000,None,5178000000,2020-07-30,1.8,1.39,0.41,29.4964,post-market
2020-03-31,USD,14275000000,17734000000,3459000000,3459000000,5893000000,4370000000,4015000000,8753000000,None,-3000000,228000000,3000000,17737000000,-32000000,1490000000,171000000,5861000000,959000000,3000000,4902000000,4847000000,5893000000,6035000000,4902000000,USD,138371000000,69349000000,23618000000,60289000000,None,7289000000,69022000000,37127000000,11612000000,19649000000,838000000,18811000000,73342000000,None,36671000000,1771000000,2887000000,33067000000,15069000000,829000000,457000000,879000000,835000000,18424000000,426000000,None,835000000,None,10344000000,13158000000,8489000000,105304000000,None,59160000000,0,2851000000,USD,11001000000,279000000,None,683000000,-2001000000,1597000000,3558000000,-2046000000,698000000,4902000000,-4109000000,-2022000000,-80000000,1250000000,1250000000,None,None,None,None,0,None,None,-1250000000,None,4870000000,None,4902000000,2020-04-29,1.71,1.75,-0.04,-2.2857,post-market
2019-12-31,USD,17475000000,20966000000,3491000000,3492000000,8858000000,4855000000,3878000000,8893000000,None,-11000000,249000000,11000000,20977000000,311000000,1360000000,160000000,9169000000,1820000000,11000000,7349000000,7709000000,8858000000,9340000000,7349000000,USD,133376000000,66225000000,19079000000,54855000000,None,9518000000,31828000000,35323000000,10663000000,19609000000,894000000,18715000000,71552000000,None,35776000000,1852000000,2673000000,32322000000,15053000000,1363000000,503000000,855000000,800000000,18308000000,418000000,None,800000000,None,10324000000,12621000000,7745000000,101054000000,None,55692000000,0,2851000000,USD,9083000000,264000000,None,623000000,1148000000,1468000000,4100000000,1697000000,938000000,7349000000,-4036000000,-2026000000,37000000,1296000000,1296000000,None,None,None,None,0,None,None,-1296000000,None,3021000000,None,7349000000,2020-01-29,2.56,2.53,0.03,1.1858,post-market
2019-09-30,USD,14493000000,17648000000,3155000000,3155000000,7185000000,3764000000,3548000000,7508000000,None,-4000000,258000000,4000000,17652000000,144000000,1270000000,196000000,7329000000,1238000000,4000000,6091000000,5725000000,7185000000,7529000000,6091000000,USD,124418000000,62079000000,15979000000,52269000000,None,7673000000,62339000000,32284000000,9646000000,19191000000,853000000,18338000000,72580000000,None,36290000000,2137000000,2461000000,30419000000,13328000000,860000000,417000000,776000000,776000000,17091000000,9132000000,None,776000000,None,9132000000,11467000000,8735000000,93999000000,None,49789000000,0,2854000000,USD,9307000000,251000000,None,897000000,686000000,1416000000,3532000000,328000000,1733000000,6091000000,-5050000000,-2019000000,-141000000,1148000000,1148000000,None,None,None,None,0,None,None,-1148000000,None,6091000000,None,6091000000,2019-10-30,2.12,1.91,0.21,10.9948,post-market
2019-06-30,USD,13576000000,16883000000,3307000000,3307000000,4626000000,5638000000,3315000000,9156000000,None,-3000000,219000000,3000000,16886000000,206000000,1340000000,203000000,4832000000,2216000000,3000000,2616000000,2914000000,4626000000,5038000000,2616000000,USD,117006000000,57961000000,13877000000,48596000000,None,7513000000,59045000000,29999000000,8752000000,19328000000,994000000,18334000000,69438000000,None,34719000000,1852000000,2446000000,28244000000,12979000000,655000000,362000000,688000000,688000000,15265000000,7810000000,7122000000,688000000,None,7810000000,11438000000,8143000000,88762000000,None,44968000000,0,2855000000,USD,8616000000,397000000,None,4365000000,1234000000,1502000000,3633000000,1006000000,4648000000,2616000000,-4010000000,-1831000000,58000000,1145000000,1145000000,None,None,None,None,0,None,None,-1145000000,None,2616000000,None,2616000000,2019-07-24,1.99,1.88,0.11,5.8511,post-market
2019-03-31,USD,12261000000,15077000000,2816000000,2816000000,3317000000,6084000000,2860000000,9100000000,None,-2000000,198000000,2000000,15077000000,165000000,1200000000,156000000,3482000000,1053000000,2000000,2429000000,2408000000,3317000000,3640000000,2429000000,USD,109477000000,53300000000,11076000000,45243000000,None,6475000000,49430000000,27345000000,7657000000,19483000000,1150000000,18333000000,68334000000,None,34167000000,1582000000,2602000000,22961000000,9908000000,604000000,None,None,645000000,6488000000,7210000000,6565000000,645000000,None,7210000000,8517000000,6488000000,86516000000,None,43764000000,0,2856000000,USD,9308000000,2000000,None,3238000000,-1195000000,1355000000,3837000000,-1070000000,4545000000,2429000000,-6768000000,-1423000000,-177000000,613000000,613000000,None,None,None,None,0,None,None,-613000000,None,1117000000,None,2429000000,2019-04-24,1.89,1.63,0.26,15.9509,post-market
2018-12-31,USD,13896000000,16692000000,2796000000,2796000000,7820000000,3443000000,2855000000,6532000000,None,None,None,187000000,16701000000,151000000,None,157000000,7971000000,1089000000,None,6882000000,6899000000,7820000000,7977000000,6882000000,USD,97334000000,50480000000,10019000000,41114000000,None,7587000000,46854000000,24683000000,6890000000,19595000000,1294000000,18301000000,62190000000,None,31095000000,1779000000,2576000000,13207000000,7017000000,820000000,264000000,None,500000000,6190000000,418000000,None,None,None,500000000,5550000000,6190000000,84127000000,None,41981000000,0,2875000000,USD,7618000000,1000000,None,-197000000,1425000000,1225000000,4301000000,1564000000,-178000000,6882000000,-3685000000,-3541000000,500000000,3500000000,3500000000,None,None,None,None,0,None,None,-3500000000,None,392000000,None,6882000000,2019-01-30,2.38,2.19,0.19,8.6758,post-market
2018-09-30,USD,11309000000,13727000000,2418000000,2418000000,5781000000,2871000000,2657000000,5684000000,None,None,None,176000000,13727000000,131000000,None,156000000,5912000000,775000000,None,5137000000,5078000000,5781000000,5937000000,5137000000,USD,92452000000,49147000000,9637000000,41206000000,None,6058000000,43305000000,21112000000,6084000000,19755000000,1451000000,18304000000,63138000000,None,31569000000,1883000000,2438000000,12110000000,5462000000,590000000,None,None,None,6648000000,None,70000000,None,None,None,4757000000,6648000000,80342000000,None,38767000000,0,2885000000,USD,7498000000,0,None,642000000,520000000,1107000000,3342000000,489000000,607000000,5137000000,-4247000000,-5157000000,0,4256000000,4256000000,None,None,None,None,0,None,None,-4256000000,None,5137000000,None,5137000000,2018-10-30,1.76,1.47,0.29,19.7279,post-market
2018-06-30,USD,11017000000,13231000000,2214000000,2214000000,5863000000,2631000000,2523000000,5312000000,None,None,None,143000000,13231000000,5000000,None,158000000,5868000000,762000000,None,5106000000,4713000000,5863000000,6021000000,5106000000,USD,90291000000,49833000000,11552000000,42309000000,None,5590000000,40458000000,18357000000,5561000000,19836000000,1573000000,18263000000,61514000000,None,30757000000,1934000000,2265000000,10909000000,4670000000,419000000,None,None,121000000,6239000000,None,121000000,121000000,None,None,4160000000,6239000000,79382000000,None,38237000000,0,2895000000,USD,6298000000,0,None,52000000,1241000000,1034000000,3460000000,627000000,-501000000,5106000000,-2384000000,-4271000000,0,3349000000,3349000000,None,None,None,None,0,None,None,-3349000000,None,5106000000,None,5106000000,2018-07-25,1.74,1.72,0.02,1.1628,post-market
2018-03-31,USD,10039000000,11966000000,1927000000,1927000000,5449000000,2352000000,2238000000,4759000000,None,None,None,145000000,11966000000,161000000,None,169000000,5610000000,622000000,None,4988000000,4921000000,5449000000,5618000000,4988000000,USD,88945000000,50412000000,12082000000,43956000000,None,5115000000,38533000000,16211000000,5081000000,20003000000,1735000000,18268000000,31874000000,None,31874000000,1341000000,2319000000,11325000000,5086000000,593000000,None,None,98000000,6239000000,None,98000000,98000000,None,None,4399000000,6239000000,77620000000,None,36780000000,0,2906000000,USD,7860000000,0,None,560000000,-445000000,949000000,2812000000,-788000000,223000000,4988000000,-1287000000,-2603000000,0,1774000000,1774000000,None,None,None,None,0,None,None,-1774000000,None,3970000000,None,4988000000,2018-04-25,1.69,1.35,0.34,25.1852,post-market
2017-12-31,USD,11361000000,12972000000,1611000000,1611000000,7352000000,2060000000,1949000000,4227000000,None,None,None,126000000,-27687000000,109000000,None,170000000,7462000000,3193000000,None,4269000000,4242000000,7352000000,7522000000,4269000000,USD,84524000000,48563000000,8079000000,41711000000,None,5832000000,35961000000,13721000000,4616000000,20105000000,1884000000,18221000000,33632000000,None,33632000000,1020000000,2135000000,10177000000,3760000000,380000000,68000000,None,2081000000,6417000000,None,72000000,390000000,None,None,3282000000,6417000000,74347000000,None,33990000000,0,2910000000,USD,7671000000,0,None,2789000000,908000000,853000000,2263000000,1374000000,3286000000,4269000000,-5003000000,-1843000000,None,958000000,958000000,None,None,None,None,0,None,None,-958000000,None,878000000,43000000,4269000000,2018-01-31,2.21,1.95,0.26,13.3333,post-market
2017-09-30,USD,8880000000,10328000000,1448000000,1448000000,5122000000,1706000000,2052000000,3931000000,None,None,None,108000000,10328000000,114000000,None,173000000,5236000000,529000000,None,4707000000,4877000000,5122000000,5295000000,4707000000,USD,78998000000,44203000000,7201000000,38289000000,None,4424000000,34795000000,12158000000,4288000000,20263000000,2050000000,18213000000,31088000000,None,31088000000,1490000000,2374000000,7790000000,3305000000,383000000,None,None,314000000,4485000000,None,None,314000000,None,None,2817000000,4485000000,71208000000,None,31209000000,0,2904000000,USD,6127000000,0,None,162000000,467000000,772000000,1755000000,458000000,136000000,4707000000,-3729000000,-1531000000,None,640000000,640000000,None,None,None,None,0,None,None,-640000000,None,949000000,67000000,4707000000,2017-11-01,1.59,1.28,0.31,24.2188,post-market
2017-06-30,USD,8084000000,9321000000,1237000000,1237000000,4401000000,1764000000,1919000000,3857000000,None,None,None,91000000,9321000000,87000000,None,174000000,4488000000,594000000,None,3894000000,4150000000,4401000000,4575000000,3894000000,USD,73843000000,40804000000,6252000000,35452000000,None,3897000000,33039000000,10628000000,4040000000,20315000000,2186000000,18129000000,29200000000,None,29200000000,1455000000,2096000000,7362000000,3315000000,323000000,None,None,278000000,4047000000,None,None,278000000,None,None,2904000000,4047000000,66481000000,None,27560000000,0,2900000000,USD,5360000000,0,None,225000000,547000000,729000000,1444000000,386000000,80000000,3894000000,-5466000000,-869000000,None,150000000,150000000,None,None,None,None,0,None,None,-150000000,None,-852000000,97000000,3894000000,2017-07-26,1.32,1.13,0.19,16.8142,post-market
2017-03-31,USD,6873000000,8032000000,1159000000,1159000000,3327000000,1712000000,1834000000,3721000000,None,None,None,67000000,8032000000,81000000,None,175000000,3408000000,344000000,None,3064000000,3141000000,3327000000,3502000000,3064000000,USD,68714000000,36930000000,7104000000,32306000000,None,3415000000,31784000000,9462000000,3570000000,20486000000,2360000000,18126000000,25202000000,None,25202000000,1209000000,1836000000,6526000000,2928000000,170000000,None,None,278000000,3598000000,None,None,278000000,None,None,2678000000,3598000000,62188000000,None,24175000000,0,2891000000,USD,5058000000,0,None,263000000,-275000000,671000000,1271000000,-609000000,-54000000,3064000000,-5920000000,-992000000,None,228000000,228000000,None,None,None,None,0,None,None,-228000000,None,-1799000000,26000000,3064000000,2017-05-03,1.3,1.12,0.18,16.0714,post-market
2016-12-31,USD,7762000000,8809000000,1047000000,1047000000,4567000000,1636000000,1563000000,3459000000,None,None,None,56000000,None,-32000000,None,183000000,4533000000,964000000,None,4273000000,3238000000,4567000000,4750000000,3569000000,USD,64961000000,34401000000,8903000000,29449000000,None,3993000000,30560000000,8591000000,3212000000,20657000000,2535000000,18122000000,20546000000,None,20546000000,959000000,1312000000,5767000000,2875000000,302000000,None,None,1247000000,5323000000,None,112000000,280000000,None,None,2483000000,2892000000,59194000000,None,21670000000,0,2881000000,USD,4930000000,-1420000000,None,1787000000,891000000,614000000,1269000000,1011000000,1128000000,4273000000,-2028000000,4000000,None,0,0,None,None,None,None,0,None,None,0,None,2865000000,-94000000,3569000000,2017-02-01,1.41,1.31,0.1,7.6336,post-market
2016-09-30,USD,6024000000,7011000000,987000000,987000000,3117000000,1363000000,1542000000,3097000000,None,None,None,50000000,None,47000000,None,195000000,3164000000,537000000,None,2379000000,2629000000,3117000000,3312000000,2627000000,USD,60007000000,30328000000,6038000000,26140000000,None,3070000000,29346000000,7899000000,2879000000,20787000000,2702000000,18085000000,20102000000,None,20102000000,1118000000,990000000,4886000000,2595000000,260000000,None,None,239000000,2964000000,None,None,239000000,None,None,2257000000,2290000000,54115000000,None,18102000000,0,2871000000,USD,4036000000,459000000,None,21000000,262000000,591000000,1095000000,253000000,2000000,2379000000,-3117000000,-8000000,None,0,0,None,None,None,None,0,None,None,0,None,930000000,19000000,2627000000,2016-11-02,1.09,0.97,0.12,12.3711,post-market
2016-06-30,USD,5519000000,6436000000,917000000,916000000,2734000000,1311000000,1471000000,2967000000,None,None,None,32000000,None,20000000,None,193000000,2754000000,471000000,None,2055000000,2186000000,2734000000,2927000000,2283000000,USD,55968000000,27010000000,5108000000,23293000000,None,2801000000,28729000000,7104000000,2652000000,20922000000,2879000000,18043000000,5715000000,None,18185000000,916000000,935000000,4373000000,2211000000,130000000,None,None,232000000,3145000000,None,None,232000000,None,None,2002000000,2170000000,50383000000,None,15475000000,0,2856000000,USD,3665000000,467000000,None,464000000,657000000,585000000,995000000,492000000,332000000,2055000000,-4971000000,4000000,None,0,0,None,None,None,None,0,None,None,0,None,-1348000000,-46000000,2283000000,2016-07-27,0.97,0.82,0.15,18.2927,post-market
2016-03-31,USD,4544000000,5382000000,838000000,838000000,2010000000,1192000000,1343000000,2715000000,None,None,None,27000000,None,56000000,None,180000000,2066000000,328000000,None,1510000000,1917000000,2010000000,2190000000,1738000000,USD,52262000000,23812000000,6456000000,20621000000,None,2348000000,28263000000,6467000000,2346000000,21096000000,3067000000,18029000000,4920000000,None,14165000000,843000000,886000000,3674000000,1809000000,149000000,None,None,216000000,3116000000,None,None,216000000,None,None,1605000000,1867000000,47150000000,None,13191000000,0,2843000000,USD,3477000000,505000000,None,53000000,-176000000,552000000,1132000000,-267000000,-41000000,1510000000,-1676000000,-310000000,None,0,0,None,None,None,None,0,None,None,0,None,1549000000,58000000,1738000000,2016-04-27,0.77,0.62,0.15,24.1935,post-market
2015-12-31,USD,5017000000,5841000000,824000000,824000000,2560000000,1143000000,1314000000,2692000000,None,None,None,14000000,None,-3000000,None,191000000,2557000000,996000000,None,1561000000,1486000000,2560000000,2751000000,1561000000,USD,49407000000,21652000000,4907000000,18434000000,None,2559000000,27755000000,5687000000,2132000000,21272000000,3246000000,18026000000,5029000000,None,13527000000,659000000,796000000,5189000000,1925000000,196000000,None,208000000,7000000,6152000000,107000000,201000000,201000000,None,201000000,1666000000,3157000000,44218000000,None,9787000000,0,2824000000,USD,4548000000,841000000,None,693000000,574000000,543000000,692000000,568000000,644000000,1561000000,-2726000000,-1167000000,None,None,None,None,None,None,None,0,None,None,0,None,599000000,-56000000,1561000000,2016-01-27,0.79,0.68,0.11,16.1765,post-market
2015-09-30,USD,3781000000,4501000000,720000000,720000000,1459000000,1051000000,1271000000,2502000000,None,None,None,7000000,None,-27000000,None,180000000,1432000000,536000000,None,896000000,873000000,1459000000,1639000000,896000000,USD,46469000000,19139000000,4308000000,15834000000,None,2010000000,27330000000,5335000000,2035000000,21461000000,3437000000,18024000000,5822000000,None,11526000000,1295000000,534000000,5049000000,1792000000,149000000,None,17000000,17000000,3257000000,109000000,109000000,17000000,None,126000000,1579000000,3148000000,41420000000,None,8226000000,0,2808000000,USD,2192000000,349000000,None,604000000,233000000,486000000,780000000,207000000,647000000,896000000,-3300000000,315000000,None,None,None,None,None,None,None,0,None,None,0,None,-815000000,-22000000,896000000,2015-11-04,0.57,0.52,0.05,9.6154,post-market
2015-06-30,USD,3374000000,4042000000,668000000,668000000,1273000000,931000000,1170000000,2281000000,None,None,None,5000000,None,None,None,180000000,1273000000,554000000,None,719000000,809000000,1273000000,1453000000,719000000,USD,44130000000,16951000000,5123000000,14125000000,None,1815000000,27179000000,4955000000,1961000000,21630000000,3605000000,18025000000,5244000000,None,9002000000,1011000000,594000000,4678000000,1881000000,139000000,None,39000000,39000000,2797000000,110000000,110000000,39000000,None,149000000,1654000000,2687000000,39452000000,None,7330000000,0,2796000000,USD,1880000000,388000000,None,332000000,322000000,459000000,549000000,282000000,262000000,719000000,-564000000,342000000,None,None,None,None,None,None,None,0,None,None,0,None,1704000000,46000000,719000000,2015-07-29,0.5,0.47,0.03,6.383,post-market
2015-03-31,USD,2889000000,3543000000,654000000,654000000,933000000,894000000,1062000000,2135000000,None,None,None,2000000,None,-1000000,None,179000000,932000000,420000000,None,512000000,293000000,933000000,1112000000,512000000,USD,42007000000,15004000000,3419000000,12413000000,None,1508000000,27003000000,4619000000,1955000000,21779000000,3774000000,18005000000,4631000000,None,8994000000,1083000000,605000000,4506000000,1746000000,129000000,None,73000000,73000000,2760000000,113000000,113000000,73000000,None,186000000,1489000000,2647000000,37501000000,None,6611000000,0,2784000000,USD,1700000000,426000000,None,258000000,-9000000,457000000,502000000,-84000000,195000000,512000000,-2844000000,371000000,None,None,None,None,None,None,None,0,None,None,0,None,-896000000,-123000000,512000000,2015-04-22,0.42,0.4,0.02,5,post-market
2014-12-31,USD,3199000000,3851000000,652000000,653000000,1133000000,955000000,1111000000,2263000000,None,None,None,23000000,None,-19000000,None,178000000,1114000000,413000000,None,701000000,582000000,1133000000,1311000000,701000000,USD,39966000000,13390000000,4315000000,11199000000,None,1678000000,26514000000,3967000000,1817000000,21910000000,3929000000,17981000000,3422000000,None,6884000000,793000000,699000000,3870000000,1424000000,176000000,None,114000000,114000000,4841000000,119000000,119000000,114000000,None,233000000,1068000000,2327000000,36096000000,None,6099000000,0,2761000000,USD,3452000000,584000000,0,275000000,482000000,433000000,517000000,346000000,107000000,701000000,-6616000000,-1468000000,None,None,None,None,None,None,None,0,None,None,11000000,None,-4684000000,-52000000,701000000,2015-01-28,0.54,0.49,0.05,10.2041,post-market
2014-09-30,USD,2638000000,3203000000,565000000,565000000,1397000000,633000000,608000000,1300000000,None,None,None,4000000,None,-61000000,None,59000000,1336000000,530000000,None,806000000,702000000,1397000000,1456000000,806000000,USD,24188000000,16115000000,8999000000,14250000000,None,1363000000,8073000000,3703000000,1616000000,3929000000,1317000000,2612000000,2747000000,None,5251000000,502000000,441000000,2950000000,1234000000,120000000,None,149000000,149000000,1716000000,129000000,129000000,149000000,None,278000000,917000000,1587000000,21238000000,None,5398000000,0,2587000000,USD,1248000000,531000000,4000000,232000000,413000000,289000000,482000000,182000000,53000000,806000000,2997000000,438000000,None,None,None,None,None,None,None,0,None,None,5000000,None,4615000000,-68000000,806000000,2014-10-28,0.43,0.4,0.03,7.5,post-market
2014-06-30,USD,2437000000,2910000000,473000000,473000000,1390000000,555000000,492000000,1088000000,None,None,None,4000000,None,-4000000,None,41000000,1386000000,595000000,None,791000000,771000000,1390000000,1431000000,791000000,USD,20769000000,15557000000,4384000000,13956000000,None,1190000000,5212000000,3334000000,1460000000,1672000000,815000000,857000000,None,None,9572000000,411000000,206000000,2423000000,1214000000,146000000,None,173000000,173000000,1209000000,153000000,153000000,173000000,None,326000000,842000000,1056000000,18346000000,None,4592000000,0,2560000000,USD,1341000000,563000000,None,219000000,171000000,257000000,469000000,187000000,129000000,791000000,-422000000,470000000,None,None,None,None,None,None,None,0,None,None,1000000,None,1386000000,-3000000,791000000,2014-07-23,0.42,0.32,0.1,31.25,pre-market
2014-03-31,USD,2040000000,2502000000,462000000,462000000,1075000000,510000000,455000000,1006000000,None,None,None,None,None,None,None,41000000,1075000000,433000000,None,642000000,643000000,1075000000,1116000000,642000000,USD,19028000000,14060000000,2998000000,12629000000,None,1006000000,4968000000,3074000000,1296000000,1682000000,842000000,840000000,None,None,9631000000,425000000,212000000,2291000000,1037000000,85000000,None,201000000,201000000,1254000000,191000000,191000000,201000000,None,392000000,713000000,1063000000,16737000000,None,3801000000,0,2545000000,USD,1285000000,389000000,None,-11000000,-117000000,264000000,363000000,-105000000,-24000000,642000000,-1872000000,262000000,None,None,None,None,None,None,None,0,None,None,1000000,None,-325000000,0,642000000,2014-04-23,0.34,0.24,0.1,41.6667,pre-market
2013-12-31,USD,2095000000,2586000000,491000000,491000000,1132000000,554000000,409000000,1025000000,None,-6000000,None,6000000,-31000000,3000000,None,39000000,1130000000,607000000,6000000,523000000,524000000,1136000000,1175000000,523000000,USD,17895000000,13070000000,3323000000,11449000000,None,1109000000,4825000000,2882000000,1260000000,1722000000,883000000,839000000,4704000000,None,8126000000,461000000,221000000,2425000000,1100000000,87000000,None,239000000,239000000,2211000000,237000000,237000000,239000000,0,476000000,736000000,1088000000,15470000000,None,3159000000,0,2456000000,USD,1231000000,350000000,2000000,600000000,418000000,274000000,483000000,277000000,380000000,523000000,-2534000000,1525000000,None,None,None,None,None,None,None,1478000000,None,None,1484000000,None,223000000,1000000,523000000,2014-01-29,0.31,0.27,0.04,14.8148,pre-market
2013-09-30,USD,1509000000,2016000000,507000000,507000000,736000000,404000000,369000000,831000000,None,-21000000,None,21000000,-59000000,11000000,None,37000000,726000000,301000000,21000000,425000000,466000000,747000000,784000000,425000000,USD,14933000000,10549000000,3100000000,9328000000,None,872000000,4384000000,2685000000,1136000000,1609000000,847000000,762000000,None,None,6228000000,342000000,90000000,1885000000,984000000,36000000,None,288000000,288000000,901000000,287000000,287000000,288000000,0,575000000,624000000,614000000,13048000000,None,2636000000,0,2430000000,USD,950000000,180000000,0,19000000,-819000000,274000000,284000000,-805000000,47000000,425000000,734000000,-1599000000,None,None,None,None,None,None,None,0,None,None,10000000,None,99000000,14000000,425000000,2013-10-30,0.25,0.19,0.06,31.5789,pre-market
2013-06-30,USD,1348000000,1813000000,465000000,465000000,562000000,442000000,344000000,893000000,None,-14000000,None,14000000,11000000,-3000000,None,36000000,545000000,212000000,14000000,333000000,319000000,559000000,595000000,333000000,USD,15724000000,11421000000,3001000000,10252000000,None,775000000,4303000000,2577000000,1014000000,1631000000,869000000,762000000,7251000000,None,7251000000,387000000,95000000,3375000000,1080000000,55000000,None,316000000,316000000,2295000000,351000000,1500000000,316000000,1500000000,1500000000,677000000,444000000,12349000000,None,2211000000,0,2407000000,USD,1322000000,125000000,None,158000000,583000000,230000000,268000000,560000000,558000000,333000000,-498000000,-149000000,None,None,None,None,None,None,None,0,None,None,2000000,None,676000000,1000000,333000000,2013-07-24,0.19,0.14,0.05,35.7143,pre-market
2013-03-31,USD,1045000000,1458000000,413000000,413000000,373000000,379000000,293000000,711000000,None,-15000000,None,15000000,9000000,-5000000,None,33000000,353000000,134000000,15000000,219000000,202000000,368000000,401000000,219000000,USD,15163000000,11042000000,2325000000,9472000000,None,659000000,4121000000,2533000000,1002000000,1501000000,847000000,654000000,7147000000,None,7147000000,485000000,87000000,3339000000,1063000000,75000000,None,338000000,338000000,2276000000,420000000,1500000000,338000000,1500000000,1500000000,620000000,356000000,11824000000,None,1878000000,0,2386000000,USD,719000000,74000000,None,52000000,-17000000,233000000,327000000,-54000000,-13000000,219000000,-326000000,-444000000,None,None,None,None,None,None,None,0,None,None,8000000,None,-59000000,-8000000,219000000,2013-05-01,0.12,0.13,-0.01,-7.6923,pre-market
2012-12-31,USD,1188000000,1585000000,397000000,398000000,523000000,368000000,297000000,707000000,None,-16000000,None,16000000,-1000000,-7000000,None,34000000,505000000,441000000,16000000,64000000,72000000,521000000,555000000,64000000,USD,15103000000,11267000000,2384000000,9626000000,None,719000000,3836000000,2391000000,882000000,1388000000,801000000,587000000,7242000000,None,7242000000,471000000,57000000,3348000000,1052000000,65000000,None,365000000,365000000,2296000000,491000000,1500000000,365000000,1500000000,1500000000,592000000,305000000,11755000000,None,1659000000,0,2372000000,USD,681000000,3000000,131000000,-60000000,0,224000000,198000000,-36000000,108000000,64000000,535000000,-1314000000,None,None,None,None,None,None,None,0,None,None,8000000,None,-94000000,4000000,64000000,2013-01-30,0.17,0.15,0.02,13.3333,pre-market
2012-09-30,USD,940000000,1262000000,322000000,322000000,377000000,319000000,244000000,605000000,None,-11000000,None,11000000,-12000000,6000000,None,31000000,372000000,431000000,11000000,-59000000,-36000000,383000000,414000000,-59000000,USD,16038000000,12285000000,2478000000,10452000000,None,635000000,3753000000,2289000000,734000000,1423000000,833000000,590000000,7974000000,None,7974000000,631000000,41000000,1864000000,1080000000,59000000,None,372000000,372000000,784000000,530000000,530000000,372000000,None,902000000,564000000,254000000,14174000000,None,1595000000,0,2420000000,USD,250000000,486000000,None,-16000000,-25000000,176000000,171000000,49000000,3000000,-59000000,-389000000,507000000,None,None,None,None,None,None,None,-1000000,None,None,-1000000,None,380000000,12000000,-59000000,2012-10-23,0.12,0.11,0.01,9.0909,pre-market
2012-06-30,USD,817000000,1184000000,367000000,367000000,-743000000,855000000,705000000,1578000000,None,-10000000,None,10000000,None,-12000000,None,8000000,-765000000,-608000000,10000000,-157000000,-179000000,-755000000,-747000000,-157000000,USD,14928000000,11967000000,2098000000,10188000000,None,578000000,2961000000,2105000000,629000000,809000000,709000000,100000000,8090000000,None,8090000000,634000000,47000000,1619000000,1034000000,43000000,None,312000000,312000000,585000000,394000000,394000000,312000000,None,706000000,594000000,191000000,13309000000,None,1654000000,0,1879000000,USD,240000000,None,None,None,None,139000000,413000000,None,-339000000,-157000000,-6450000000,7040000000,None,None,None,None,None,None,None,None,None,None,6761000000,None,816000000,-14000000,-157000000,2012-07-26,0.12,0.12,0,0,pre-market
2012-03-31,USD,781000000,1058000000,277000000,277000000,381000000,88000000,153000000,400000000,None,None,None,13000000,None,None,None,110000000,382000000,177000000,None,None,204000000,381000000,491000000,205000000,,,,,,,,,,,,,,,,,,,,,,,,,,,,,,,,,,,,,,,,,,,,,,,,,,,,,,,,,,,,,,,,,,2012-05-30,0.0645,None,None,None,pre-market
2011-12-31,USD,884000000,1131000000,247000000,247000000,547000000,58000000,124000000,337000000,None,None,None,16000000,None,None,None,103000000,519000000,217000000,None,None,303000000,547000000,650000000,302000000,,,,,,,,,,,,,,,,,,,,,,,,,,,,,,,,,,,,,,,,,,,,,,,,,,,,,,,,,,,,,,,,,,,,,,,
2011-09-30,USD,718000000,954000000,236000000,236000000,414000000,82000000,108000000,304000000,None,None,None,10000000,None,-25000000,None,97000000,379000000,152000000,None,None,225000000,414000000,511000000,227000000,,,,,,,,,,,,,,,,,,,,,,,,,,,,,,,,,,,,,,,,,,,,,,,,,,,,,,,,,,,,,,,,,,,,,,,
2011-06-30,USD,685000000,895000000,210000000,210000000,407000000,83000000,99000000,278000000,None,None,None,9000000,None,1000000,None,72000000,399000000,159000000,None,None,240000000,407000000,479000000,240000000,,,,,,,,,,,,,,,,,,,,,,,,,,,,,,,,,,,,,,,,,,,,,,,,,,,,,,,,,,,,,,,,,,,,,,,
